@article{petronio1997wh,
  title={WH-movement and the position of Spec-CP: Evidence from American Sign Language},
  author={Petronio, Karen and Lillo-Martin, Diane},
  journal={Language},
  pages={18--57},
  year={1997},
  publisher={JSTOR}
}

@article{barr2013random,
  title={Random effects structure for confirmatory hypothesis testing: Keep it maximal},
  author={Barr, Dale J and Levy, Roger and Scheepers, Christoph and Tily, Harry J},
  journal={Journal of memory and language},
  volume={68},
  number={3},
  pages={255--278},
  year={2013},
  publisher={Elsevier}
}

@article{vandekerckhove2007fitting,
  title={Fitting the Ratcliff diffusion model to experimental data},
  author={Vandekerckhove, Joachim and Tuerlinckx, Francis},
  journal={Psychonomic bulletin \& review},
  volume={14},
  number={6},
  pages={1011--1026},
  year={2007},
  publisher={Springer}
}

@article{ratcliff2008diffusion,
  title={The diffusion decision model: theory and data for two-choice decision tasks},
  author={Ratcliff, Roger and McKoon, Gail},
  journal={Neural computation},
  volume={20},
  number={4},
  pages={873--922},
  year={2008},
  publisher={MIT Press}
}

@misc{bates2013lme4,
  title={lme4: Linear mixed-effects models using Eigen and S4. R package version 1.0-5},
  author={Bates, Douglas and Maechler, Martin and Bolker, Ben and Walker, Steven},
  year={2013}
}

@article{tanenhaus1995integration,
  title={Integration of visual and linguistic information in spoken language comprehension},
  author={Tanenhaus, Michael K and Spivey-Knowlton, Michael J and Eberhard, Kathleen M and Sedivy, Julie C},
  journal={Science},
  volume={268},
  number={5217},
  pages={1632},
  year={1995},
  publisher={The American Association for the Advancement of Science}
}

@article{allopenna1998tracking,
  title={Tracking the time course of spoken word recognition using eye movements: Evidence for continuous mapping models},
  author={Allopenna, Paul D and Magnuson, James S and Tanenhaus, Michael K},
  journal={Journal of memory and language},
  volume={38},
  number={4},
  pages={419--439},
  year={1998},
  publisher={Elsevier}
}

@article{salverda2011attentional,
  title={Attentional capture of objects referred to by spoken language.},
  author={Salverda, Anne Pier and Altmann, Gerry},
  journal={Journal of Experimental Psychology: Human Perception and Performance},
  volume={37},
  number={4},
  pages={1122},
  year={2011},
  publisher={American Psychological Association}
}

@article{altmann2007real,
  title={The real-time mediation of visual attention by language and world knowledge: Linking anticipatory (and other) eye movements to linguistic processing},
  author={Altmann, Gerry and Kamide, Yuki},
  journal={Journal of Memory and Language},
  volume={57},
  number={4},
  pages={502--518},
  year={2007},
  publisher={Elsevier}
}

@article{huettig2011mechanisms,
  title={Mechanisms and representations of language-mediated visual attention.},
  author={Huettig, F and Mishra, RK and Olivers, CN},
  journal={Frontiers in psychology},
  volume={2},
  number={2},
  pages={394},
  year={2011}
}

@article{salverda2011goal,
  title={A goal-based perspective on eye movements in visual world studies},
  author={Salverda, Anne Pier and Brown, Meredith and Tanenhaus, Michael K},
  journal={Acta psychologica},
  volume={137},
  number={2},
  pages={172--180},
  year={2011},
  publisher={Elsevier}
}

@article{ballard2009modelling,
  title={Modelling the role of task in the control of gaze},
  author={Ballard, Dana and Hayhoe, Mary},
  journal={Visual cognition},
  volume={17},
  number={6-7},
  pages={1185--1204},
  year={2009},
  publisher={Taylor \& Francis}
}

@article{shadlen2013decision,
  title={Decision making as a window on cognition},
  author={Shadlen, Michael N and Kiani, Roozbeh},
  journal={Neuron},
  volume={80},
  number={3},
  pages={791--806},
  year={2013},
  publisher={Elsevier}
}

@article{hayhoe2005eye,
  title={Eye movements in natural behavior},
  author={Hayhoe, Mary and Ballard, Dana},
  journal={Trends in cognitive sciences},
  volume={9},
  number={4},
  pages={188--194},
  year={2005},
  publisher={Elsevier}
}

@article{wiecki2013hddm,
  title={HDDM: hierarchical bayesian estimation of the drift-diffusion model in python},
  author={Wiecki, Thomas V and Sofer, Imri and Frank, Michael J},
  journal={Frontiers in neuroinformatics},
  volume={7},
  pages={14},
  year={2013},
  publisher={Frontiers}
}

@article{ratcliff2015individual,
  title={Individual differences and fitting methods for the two-choice diffusion model of decision making},
  author={Ratcliff, Roger and Childers, Russ},
  journal={Decision},
  volume={2},
  number={4},
  pages={237--279},
  year={2015},
  publisher={Educational Publishing Foundation}
}

@article{macdonald2018real,
  title={Real-time lexical comprehension in young children learning American Sign Language},
  author={MacDonald, Kyle and LaMarr, Todd and Corina, David and Marchman, Virginia A and Fernald, Anne},
  journal={Developmental science},
  pages={e12672},
  year={2018},
  publisher={Wiley Online Library}
}

@inproceedings{macdonald2017info,
  title={An information-seeking account of eye movements during spoken and signed language comprehension},
  author={MacDonald, Kyle and Blonder, Aviva and and Marchman, Virgnia and Fernald, Anne and Frank, Michael C},
  booktitle={Proceedings of the 39th Annual Conference of the Cognitive Science Society},
  year={2017}
}

@article{macdonald1978visual,
  title={Visual influences on speech perception processes},
  author={MacDonald, John and McGurk, Harry},
  journal={Attention, Perception, \& Psychophysics},
  volume={24},
  number={3},
  pages={253--257},
  year={1978},
  publisher={Springer}
}

@article{mcclelland2006there,
  title={Are there interactive processes in speech perception?},
  author={McClelland, James L and Mirman, Daniel and Holt, Lori L},
  journal={Trends in cognitive sciences},
  volume={10},
  number={8},
  pages={363--369},
  year={2006},
  publisher={Elsevier}
}

@article{marslen1989accessing,
  title={Accessing spoken words: The importance of word onsets.},
  author={Marslen-Wilson, William and Zwitserlood, Pienie},
  journal={Journal of Experimental Psychology: Human perception and performance},
  volume={15},
  number={3},
  pages={576},
  year={1989},
  publisher={American Psychological Association}
}

@article{macdonald2006constraint,
  title={Constraint satisfaction accounts of lexical and sentence comprehension},
  author={MacDonald, Maryellen C and Seidenberg, Mark S},
  journal={Handbook of psycholinguistics},
  volume={2},
  pages={581--611},
  year={2006}
}

@article{smith2017multimodal,
  title={The multimodal nature of spoken word processing in the visual world: Testing the predictions of alternative models of multimodal integration},
  author={Smith, Alastair C and Monaghan, Padraic and Huettig, Falk},
  journal={Journal of Memory and Language},
  volume={93},
  pages={276--303},
  year={2017},
  publisher={Elsevier}
}

@article{erber1969interaction,
  title={Interaction of audition and vision in the recognition of oral speech stimuli},
  author={Erber, Norman P},
  journal={Journal of speech and hearing research},
  volume={12},
  number={2},
  pages={423--425},
  year={1969},
  publisher={ASHA}
}

@article{van2014listening,
  title={Listening effort and accented speech},
  author={Van Engen, Kristin J and Peelle, Jonathan E},
  journal={Frontiers in human neuroscience},
  volume={8},
  year={2014},
  publisher={Frontiers Media SA}
}


@article{brooks2008infant,
	Author = {Brooks, Rechele and Meltzoff, Andrew N},
	Date-Added = {2013-12-06 09:16:37 +0000},
	Date-Modified = {2013-12-06 09:16:37 +0000},
	Journal = {Journal of Child Language},
	Number = {01},
	Pages = {207--220},
	Publisher = {Cambridge Univ Press},
	Title = {Infant gaze following and pointing predict accelerated vocabulary growth through two years of age: A longitudinal, growth curve modeling study},
	Volume = {35},
	Year = {2008}}


@misc{gabry2016rstanarm,
  title={rstanarm: Bayesian applied regression modeling via Stan. R package version 2.10. 0},
  author={Gabry, Jonah and Goodrich, Ben},
  year={2016}
}

@book{clark2009first,
	Author = {Clark, Eve V},
	Date-Added = {2015-01-18 18:52:50 +0000},
	Date-Modified = {2015-01-18 18:52:50 +0000},
	Publisher = {Cambridge University Press},
	Title = {First language acquisition},
	Year = {2009}}
	
@article{mcmurray2017waiting,
  title={Waiting for lexical access: Cochlear implants or severely degraded input lead listeners to process speech less incrementally},
  author={McMurray, Bob and Farris-Trimble, Ashley and Rigler, Hannah},
  journal={Cognition},
  volume={169},
  pages={147--164},
  year={2017},
  publisher={Elsevier}
}

@article{yurovsky2017preschoolers,
  title={Preschoolers flexibly adapt to linguistic input in a noisy channel},
  author={Yurovsky, Daniel and Case, Sarah and Frank, Michael C},
  journal={Psychological science},
  volume={28},
  number={1},
  pages={132--140},
  year={2017},
  publisher={SAGE Publications Sage CA: Los Angeles, CA}
}

@article{byers2017bilingual,
  title={Bilingual infants control their languages as they listen},
  author={Byers-Heinlein, Krista and Morin-Lessard, Elizabeth and Lew-Williams, Casey},
  journal={Proceedings of the National Academy of Sciences},
  volume={114},
  number={34},
  pages={9032--9037},
  year={2017},
  publisher={National Acad Sciences}
}


@article{schwartz2013language,
  title={Language processing in children with cochlear implants: a preliminary report on lexical access for production and comprehension},
  author={Schwartz, Richard G and Steinman, Susan and Ying, Elizabeth and Mystal, Elana Ying and Houston, Derek M},
  journal={Clinical linguistics \& phonetics},
  volume={27},
  number={4},
  pages={264--277},
  year={2013},
  publisher={Taylor \& Francis}
}

@article{spivey2002eye,
  title={Eye movements and spoken language comprehension: Effects of visual context on syntactic ambiguity resolution},
  author={Spivey, Michael J and Tanenhaus, Michael K and Eberhard, Kathleen M and Sedivy, Julie C},
  journal={Cognitive psychology},
  volume={45},
  number={4},
  pages={447--481},
  year={2002},
  publisher={Elsevier}
}

@article{mcclelland1986trace,
  title={The TRACE model of speech perception},
  author={McClelland, James L and Elman, Jeffrey L},
  journal={Cognitive psychology},
  volume={18},
  number={1},
  pages={1--86},
  year={1986},
  publisher={Elsevier}
}

@article{gold2000representation,
  title={Representation of a perceptual decision in developing oculomotor commands},
  author={Gold, Joshua I and Shadlen, Michael N},
  journal={Nature},
  volume={404},
  number={6776},
  pages={390},
  year={2000},
  publisher={Nature Publishing Group}
}

@article{dahan2005looking,
  title={Looking at the rope when looking for the snake: Conceptually mediated eye movements during spoken-word recognition},
  author={Dahan, Delphine and Tanenhaus, Michael K},
  journal={Psychonomic bulletin \& review},
  volume={12},
  number={3},
  pages={453--459},
  year={2005},
  publisher={Springer}
}

@article{huettig2005word,
  title={Word meaning and the control of eye fixation: Semantic competitor effects and the visual world paradigm},
  author={Huettig, Falk and Altmann, Gerry TM},
  journal={Cognition},
  volume={96},
  number={1},
  pages={B23--B32},
  year={2005},
  publisher={Elsevier}
}

@article{yee2006eye,
  title={Eye movements to pictures reveal transient semantic activation during spoken word recognition.},
  author={Yee, Eiling and Sedivy, Julie C},
  journal={Journal of Experimental Psychology: Learning, Memory, and Cognition},
  volume={32},
  number={1},
  pages={1},
  year={2006},
  publisher={American Psychological Association}
}

@article{fernald2008looking,
  title={Looking while listening: Using eye movements to monitor spoken language},
  author={Fernald, Anne and Zangl, Renate and Portillo, Ana L and Marchman, Virginia A},
  journal={Developmental psycholinguistics: On-line methods in children’s language processing},
  volume={44},
  pages={97},
  year={2008},
  publisher={John Benjamins Amsterdam}
}

@article{venker2013individual,
  title={Individual differences in the real-time comprehension of children with ASD},
  author={Venker, Courtney E and Eernisse, Elizabeth R and Saffran, Jenny R and Weismer, Susan Ellis},
  journal={Autism Research},
  volume={6},
  number={5},
  pages={417--432},
  year={2013},
  publisher={Wiley Online Library}
}

@article{rigler2015slow,
  title={The slow developmental time course of real-time spoken word recognition.},
  author={Rigler, Hannah and Farris-Trimble, Ashley and Greiner, Lea and Walker, Jessica and Tomblin, J Bruce and McMurray, Bob},
  journal={Developmental psychology},
  volume={51},
  number={12},
  pages={1690},
  year={2015},
  publisher={US: American Psychological Association}
}

@article{marchman2008speed,
  title={Speed of word recognition and vocabulary knowledge in infancy predict cognitive and language outcomes in later childhood},
  author={Marchman, Virginia A and Fernald, Anne},
  journal={Developmental science},
  volume={11},
  number={3},
  year={2008},
  publisher={Wiley Online Library}
}

@article{fernald2006picking,
  title={Picking up speed in understanding: Speech processing efficiency and vocabulary growth across the 2nd year.},
  author={Fernald, Anne and Perfors, Amy and Marchman, Virginia A},
  journal={Developmental psychology},
  volume={42},
  number={1},
  pages={98},
  year={2006},
  publisher={American Psychological Association}
}

@article{nelson2005finding,
  title={Finding useful questions: on Bayesian diagnosticity, probability, impact, and information gain.},
  author={Nelson, Jonathan D},
  journal={Psychological review},
  volume={112},
  number={4},
  pages={979},
  year={2005},
  publisher={American Psychological Association}
}

@article{nelson2007probabilistic,
  title={A probabilistic model of eye movements in concept formation},
  author={Nelson, Jonathan D and Cottrell, Garrison W},
  journal={Neurocomputing},
  volume={70},
  number={13-15},
  pages={2256--2272},
  year={2007},
  publisher={Elsevier}
}

@article{tanenhaus1995integration,
  title={Integration of visual and linguistic information in spoken language comprehension},
  author={Tanenhaus, Michael K and Spivey-Knowlton, Michael J and Eberhard, Kathleen M and Sedivy, Julie C},
  journal={Science},
  volume={268},
  number={5217},
  pages={1632--1634},
  year={1995},
  publisher={American Association for the Advancement of Science}
}

@article{shinoda2001controls,
  title={What controls attention in natural environments?},
  author={Shinoda, Hiroyuki and Hayhoe, Mary M and Shrivastava, Anurag},
  journal={Vision research},
  volume={41},
  number={25-26},
  pages={3535--3545},
  year={2001},
  publisher={Elsevier}
}

@article{hoppe2016learning,
  title={Learning rational temporal eye movement strategies},
  author={Hoppe, David and Rothkopf, Constantin A},
  journal={Proceedings of the National Academy of Sciences},
  volume={113},
  number={29},
  pages={8332--8337},
  year={2016},
  publisher={National Acad Sciences}
}

@misc{vigliocco2014language,
  title={Language as a multimodal phenomenon: implications for language learning, processing and evolution},
  author={Vigliocco, Gabriella and Perniss, Pamela and Vinson, David},
  year={2014},
  publisher={The Royal Society}
}

@article{kelly2010two,
  title={Two sides of the same coin: Speech and gesture mutually interact to enhance comprehension},
  author={Kelly, Spencer D and {\"O}zy{\"u}rek, Asl{\i} and Maris, Eric},
  journal={Psychological Science},
  volume={21},
  number={2},
  pages={260--267},
  year={2010},
  publisher={Sage Publications Sage CA: Los Angeles, CA}
}

@article{estigarribia2007getting,
  title={Getting and maintaining attention in talk to young children},
  author={Estigarribia, Bruno and Clark, Eve V},
  journal={Journal of child language},
  volume={34},
  number={4},
  pages={799--814},
  year={2007},
  publisher={Cambridge University Press}
}

@article{liszkowski2012prelinguistic,
  title={A prelinguistic gestural universal of human communication},
  author={Liszkowski, Ulf and Brown, Penny and Callaghan, Tara and Takada, Akira and De Vos, Conny},
  journal={Cognitive Science},
  volume={36},
  number={4},
  pages={698--713},
  year={2012},
  publisher={Wiley Online Library}
}

@article{peelle2015prediction,
  title={Prediction and constraint in audiovisual speech perception},
  author={Peelle, Jonathan E and Sommers, Mitchell S},
  journal={Cortex},
  volume={68},
  pages={169--181},
  year={2015},
  publisher={Elsevier}
}

@article{maris2007nonparametric,
  title={Nonparametric statistical testing of EEG-and MEG-data},
  author={Maris, Eric and Oostenveld, Robert},
  journal={Journal of neuroscience methods},
  volume={164},
  number={1},
  pages={177--190},
  year={2007},
  publisher={Elsevier}
}


@article{tomasello1986joint,
	Author = {Tomasello, Michael and Farrar, Michael Jeffrey},
	Date-Added = {2013-12-02 12:48:20 +0000},
	Date-Modified = {2013-12-02 12:48:20 +0000},
	Journal = {Child development},
	Pages = {1454--1463},
	Publisher = {JSTOR},
	Title = {Joint attention and early language},
	Year = {1986}}


@article{bavelier2006deaf,
  title={Do deaf individuals see better?},
  author={Bavelier, Daphne and Dye, Matthew WG and Hauser, Peter C},
  journal={Trends in cognitive sciences},
  volume={10},
  number={11},
  pages={512--518},
  year={2006},
  publisher={Elsevier}
}

@article{heimler2015finding,
  title={Finding the balance between capture and control: Oculomotor selection in early deaf adults},
  author={Heimler, Benedetta and van Zoest, Wieske and Baruffaldi, Francesca and Donk, Mieke and Rinaldi, Pasquale and Caselli, Maria Cristina and Pavani, Francesco},
  journal={Brain and cognition},
  volume={96},
  pages={12--27},
  year={2015},
  publisher={Elsevier}
}

@article{harris1997learning,
  title={Learning to look in the right place: A comparison of attentional behavior in deaf children with deaf and hearing mothers},
  author={Harris, Margaret and Mohay, Heather},
  journal={The Journal of Deaf Studies and Deaf Education},
  volume={2},
  number={2},
  pages={95--103},
  year={1997},
  publisher={Oxford University Press}
}

@article{green2010lip,
  title={Lip movement exaggerations during infant-directed speech},
  author={Green, Jordan R and Nip, Ignatius SB and Wilson, Erin M and Mefferd, Antje S and Yunusova, Yana},
  journal={Journal of Speech, Language, and Hearing Research},
  volume={53},
  number={6},
  pages={1529--1542},
  year={2010},
  publisher={ASHA}
}

@inproceedings{fitzpatrick2011effect,
  title={The effect of seeing the interlocutor on auditory and visual speech production in noise},
  author={Fitzpatrick, Michael and Kim, Jeesun and Davis, Chris},
  booktitle={Auditory-Visual Speech Processing 2011},
  year={2011}
}

@article{munhall2004visual,
  title={Visual prosody and speech intelligibility: Head movement improves auditory speech perception},
  author={Munhall, Kevin G and Jones, Jeffery A and Callan, Daniel E and Kuratate, Takaaki and Vatikiotis-Bateson, Eric},
  journal={Psychological science},
  volume={15},
  number={2},
  pages={133--137},
  year={2004},
  publisher={SAGE Publications Sage CA: Los Angeles, CA}
}

@article{emmorey1998mental,
  title={Mental rotation within linguistic and non-linguistic domains in users of American sign language},
  author={Emmorey, Karen and Klima, Edward and Hickok, Gregory},
  journal={Cognition},
  volume={68},
  number={3},
  pages={221--246},
  year={1998},
  publisher={Elsevier}
}

@article{bettger1997enhanced,
  title={Enhanced facial discrimination: Effects of experience with American Sign Language},
  author={Bettger, Jeffrey G and Emmorey, Karen and McCullough, Stephen H and Bellugi, Ursula},
  journal={Journal of Deaf Studies and Deaf Education},
  pages={223--233},
  year={1997},
  publisher={JSTOR}
}

@article{emmorey1993visual,
  title={Visual imagery and visual-spatial language: Enhanced imagery abilities in deaf and hearing ASL signers},
  author={Emmorey, Karen and Kosslyn, Stephen M and Bellugi, Ursula},
  journal={Cognition},
  volume={46},
  number={2},
  pages={139--181},
  year={1993},
  publisher={Elsevier}
}

@article{triesch2003you,
  title={What you see is what you need},
  author={Triesch, Jochen and Ballard, Dana H and Hayhoe, Mary M and Sullivan, Brian T},
  journal={Journal of vision},
  volume={3},
  number={1},
  pages={9--9},
  year={2003},
  publisher={The Association for Research in Vision and Ophthalmology}
}

@article{gibson2013noisy,
  title={A noisy-channel account of crosslinguistic word-order variation},
  author={Gibson, Edward and Piantadosi, Steven T and Brink, Kimberly and Bergen, Leon and Lim, Eunice and Saxe, Rebecca},
  journal={Psychological science},
  volume={24},
  number={7},
  pages={1079--1088},
  year={2013},
  publisher={Sage Publications Sage CA: Los Angeles, CA}
}

@article{gibson2013rational,
  title={Rational integration of noisy evidence and prior semantic expectations in sentence interpretation},
  author={Gibson, Edward and Bergen, Leon and Piantadosi, Steven T},
  journal={Proceedings of the National Academy of Sciences},
  pages={201216438},
  year={2013},
  publisher={National Acad Sciences}
}

@inproceedings{fourtassiword2018,
  title={Word Identification Under Multidomodal Uncertainty},
  author={Fourtassi, Abdellah and Frank, Michael C},
  booktitle={Proceedings of the 39th Annual Conference of the Cognitive Science Society},
  year={2017}
}

@article{yurovsky2013statistical,
  title={Statistical word learning at scale: The baby's view is better},
  author={Yurovsky, Daniel and Smith, Linda B and Yu, Chen},
  journal={Developmental science},
  volume={16},
  number={6},
  pages={959--966},
  year={2013},
  publisher={Wiley Online Library}
}

@article{franchak2011head,
  title={Head-mounted eye tracking: A new method to describe infant looking},
  author={Franchak, John M and Kretch, Kari S and Soska, Kasey C and Adolph, Karen E},
  journal={Child development},
  volume={82},
  number={6},
  pages={1738--1750},
  year={2011},
  publisher={Wiley Online Library}
}

@article{fausey2016faces,
  title={From faces to hands: Changing visual input in the first two years},
  author={Fausey, Caitlin M and Jayaraman, Swapnaa and Smith, Linda B},
  journal={Cognition},
  volume={152},
  pages={101--107},
  year={2016},
  publisher={Elsevier}
}


%% This BibTeX bibliography file was created using BibDesk.
%% http://bibdesk.sourceforge.net/


%% Created for Kyle MacDonald at 2015-02-04 15:52:48 -0800 


%% Saved with string encoding Unicode (UTF-8) 



@article{vul2014,
	Author = {Vul, Edward and Goodman, Noah and Griffiths, Thomas L and Tenenbaum, Joshua B},
	Date-Added = {2015-02-02 17:51:35 +0000},
	Date-Modified = {2015-02-02 17:51:37 +0000},
	Journal = {Cognitive science},
	Number = {4},
	Pages = {599--637},
	Publisher = {Wiley Online Library},
	Title = {One and done? Optimal decisions from very few samples},
	Volume = {38},
	Year = {2014}}

@article{koenig2004trust,
	Author = {Koenig, Melissa A and Clement, Fabrice and Harris, Paul L},
	Date-Added = {2015-01-31 03:59:49 +0000},
	Date-Modified = {2015-01-31 03:59:49 +0000},
	Journal = {Psychological Science},
	Number = {10},
	Pages = {694--698},
	Publisher = {SAGE Publications},
	Title = {Trust in testimony: Children's use of true and false statements},
	Volume = {15},
	Year = {2004}}

@article{vlach2013memory,
	Author = {Vlach, Haley A and Johnson, Scott P},
	Date-Added = {2015-01-29 03:53:54 +0000},
	Date-Modified = {2015-01-29 03:53:54 +0000},
	Journal = {Cognition},
	Number = {3},
	Pages = {375--382},
	Publisher = {Elsevier},
	Title = {Memory constraints on infants' cross-situational statistical learning},
	Volume = {127},
	Year = {2013}}

@book{clark2009first,
	Author = {Clark, Eve V},
	Date-Added = {2015-01-18 18:52:50 +0000},
	Date-Modified = {2015-01-18 18:52:50 +0000},
	Publisher = {Cambridge University Press},
	Title = {First language acquisition},
	Year = {2009}}

@inproceedings{vul2009one,
	Author = {Vul, Edward and Goodman, Noah D and Griffiths, Thomas L and Tenenbaum, Joshua B},
	Booktitle = {Proceedings of the 31st annual conference of the cognitive science society},
	Date-Added = {2015-01-18 18:44:15 +0000},
	Date-Modified = {2015-01-18 18:44:15 +0000},
	Pages = {66--72},
	Title = {One and done? Optimal decisions from very few samples},
	Volume = {1},
	Year = {2009}}

@article{griffiths2015rational,
  title={Rational use of cognitive resources: Levels of analysis between the computational and the algorithmic},
  author={Griffiths, Thomas L and Lieder, Falk and Goodman, Noah D},
  journal={Topics in cognitive science},
  volume={7},
  number={2},
  pages={217--229},
  year={2015},
  publisher={Wiley Online Library}
}

@article{xu2007sampling,
	Author = {Xu, Fei and Tenenbaum, Joshua B},
	Date-Added = {2014-06-02 17:43:53 +0000},
	Date-Modified = {2014-06-02 17:45:03 +0000},
	Journal = {Developmental Science},
	Number = {3},
	Pages = {288-297},
	Title = {Sensitivity to sampling in Bayesian word learning},
	Volume = {10},
	Year = {2007}}

@article{csibra2009natural,
	Author = {Csibra, Gergely and Gergely, Gy{\"o}rgy},
	Date-Added = {2014-06-02 15:33:35 +0000},
	Date-Modified = {2014-06-02 15:33:35 +0000},
	Journal = {Trends in cognitive sciences},
	Number = {4},
	Pages = {148--153},
	Publisher = {Elsevier},
	Title = {Natural pedagogy},
	Volume = {13},
	Year = {2009}}

@article{shafto2012learning,
	Author = {Shafto, Patrick and Goodman, Noah D and Frank, Michael C},
	Date-Added = {2014-06-02 15:23:53 +0000},
	Date-Modified = {2014-06-02 15:23:53 +0000},
	Journal = {Perspectives on Psychological Science},
	Number = {4},
	Pages = {341--351},
	Publisher = {Sage Publications},
	Title = {Learning From Others The Consequences of Psychological Reasoning for Human Learning},
	Volume = {7},
	Year = {2012}}

@article{bonawitz2011double,
	Author = {Bonawitz, Elizabeth and Shafto, Patrick and Gweon, Hyowon and Goodman, Noah D and Spelke, Elizabeth and Schulz, Laura},
	Date-Added = {2014-06-02 15:20:21 +0000},
	Date-Modified = {2014-06-02 15:20:21 +0000},
	Journal = {Cognition},
	Number = {3},
	Pages = {322--330},
	Publisher = {Elsevier},
	Title = {The double-edged sword of pedagogy: Instruction limits spontaneous exploration and discovery},
	Volume = {120},
	Year = {2011}}

@article{luce1959individual,
	Author = {Luce, R Duncan and others},
	Date-Added = {2014-06-02 14:49:34 +0000},
	Date-Modified = {2014-06-02 14:49:34 +0000},
	Journal = {New York},
	Title = {Individual choice behaviour: a theoretical analysis},
	Volume = {142},
	Year = {1959}}

@article{baayen2008mixed,
	Author = {Baayen, R Harald and Davidson, Douglas J and Bates, Douglas M},
	Date-Added = {2014-06-02 09:30:24 +0000},
	Date-Modified = {2014-06-02 09:30:24 +0000},
	Journal = {Journal of memory and language},
	Number = {4},
	Pages = {390--412},
	Publisher = {Elsevier},
	Title = {Mixed-effects modeling with crossed random effects for subjects and items},
	Volume = {59},
	Year = {2008}}

@article{cleveland2007joint,
	Author = {Cleveland, Allison and Schug, Mariah and Striano, Tricia},
	Date-Added = {2014-06-02 03:57:13 +0000},
	Date-Modified = {2014-06-02 03:57:13 +0000},
	Journal = {Infant and Child Development},
	Number = {3},
	Pages = {295--306},
	Publisher = {Wiley Online Library},
	Title = {Joint attention and object learning in 5-and 7-month-old infants},
	Volume = {16},
	Year = {2007}}

@article{yoon2008communication,
	Author = {Yoon, Jennifer MD and Johnson, Mark H and Csibra, Gergely},
	Date-Added = {2014-06-02 03:56:37 +0000},
	Date-Modified = {2014-06-02 03:56:37 +0000},
	Journal = {Proceedings of the National Academy of Sciences},
	Number = {36},
	Pages = {13690--13695},
	Publisher = {National Acad Sciences},
	Title = {Communication-induced memory biases in preverbal infants},
	Volume = {105},
	Year = {2008}}

@article{wu2010no,
	Author = {Wu, Rachel and Kirkham, Natasha Z},
	Date-Added = {2014-06-02 03:53:26 +0000},
	Date-Modified = {2014-06-02 03:53:26 +0000},
	Journal = {Journal of experimental child psychology},
	Number = {2},
	Pages = {118--136},
	Publisher = {Elsevier},
	Title = {No two cues are alike: Depth of learning during infancy is dependent on what orients attention},
	Volume = {107},
	Year = {2010}}

@article{yurovsky2014algorithmic,
	Author = {Yurovsky, Daniel and Frank, Michael C},
	Date-Added = {2014-06-02 03:21:57 +0000},
	Date-Modified = {2015-02-04 23:52:48 +0000},
	Title = {An integrative account of constraints on cross-situational learning},
	Year = {2015},
	Journal = {Cognition}
	}

@article{mcmurray2012word,
	Author = {McMurray, Bob and Horst, Jessica S and Samuelson, Larissa K},
	Date-Added = {2014-06-01 23:37:41 +0000},
	Date-Modified = {2014-06-01 23:37:41 +0000},
	Journal = {Psychological review},
	Number = {4},
	Pages = {831},
	Publisher = {American Psychological Association},
	Title = {Word learning emerges from the interaction of online referent selection and slow associative learning.},
	Volume = {119},
	Year = {2012}}

@article{yurovsky2014role,
	Author = {Yurovsky, Daniel and Fricker, Damian C and Yu, Chen and Smith, Linda B},
	Date-Added = {2014-06-01 23:36:44 +0000},
	Date-Modified = {2014-06-01 23:36:44 +0000},
	Journal = {Psychonomic bulletin \&amp; review},
	Number = {1},
	Pages = {1--22},
	Publisher = {Springer},
	Title = {The role of partial knowledge in statistical word learning},
	Volume = {21},
	Year = {2014}}

@article{smith2014unrealized,
	Author = {Smith, Linda B and Suanda, Sumarga H and Yu, Chen},
	Date-Added = {2014-06-01 22:52:54 +0000},
	Date-Modified = {2014-06-01 22:58:38 +0000},
	Journal = {Trends in Cognitive Sciences},
	Number = {5},
	Pages = {251--258},
	Rating = {1},
	Title = {The unrealized promise of infant statistical word--referent learning},
	Volume = {18},
	Year = {2014}}

@article{gleitman1990structural,
	Author = {Gleitman, Lila},
	Date-Added = {2014-05-31 22:00:59 +0000},
	Date-Modified = {2014-05-31 22:00:59 +0000},
	Journal = {Language acquisition},
	Number = {1},
	Pages = {3--55},
	Publisher = {Taylor \&amp; Francis},
	Title = {The structural sources of verb meanings},
	Volume = {1},
	Year = {1990}}

@article{markman1990constraints,
	Author = {Markman, Ellen M},
	Date-Added = {2014-05-31 21:58:56 +0000},
	Date-Modified = {2014-05-31 21:58:56 +0000},
	Journal = {Cognitive Science},
	Number = {1},
	Pages = {57--77},
	Publisher = {Wiley Online Library},
	Title = {Constraints children place on word meanings},
	Volume = {14},
	Year = {1990}}

@article{smith2000learning,
	Author = {Smith, Linda B},
	Date-Added = {2014-05-31 21:52:42 +0000},
	Date-Modified = {2014-05-31 21:52:42 +0000},
	Journal = {Becoming a word learner: A debate on lexical acquisition},
	Pages = {51--80},
	Title = {Learning how to learn words: An associative crane},
	Year = {2000}}

@article{quine19600,
	Author = {Quine, Willard V},
	Date-Added = {2014-05-31 21:46:32 +0000},
	Date-Modified = {2014-05-31 21:46:32 +0000},
	Journal = {111e MIT Press},
	Title = {0. Word and object},
	Year = {1960}}

@misc{quine19690,
	Author = {Quine, Willard V},
	Date-Added = {2014-05-31 21:45:30 +0000},
	Date-Modified = {2014-05-31 21:45:30 +0000},
	Publisher = {Cambridge, MA: MIT Press},
	Title = {0.(1960) Word and object},
	Year = {1969}}

@article{kirkham2002visual,
	Author = {Kirkham, Natasha Z and Slemmer, Jonathan A and Johnson, Scott P},
	Date-Added = {2013-12-09 12:12:18 +0000},
	Date-Modified = {2013-12-09 12:12:18 +0000},
	Journal = {Cognition},
	Number = {2},
	Pages = {B35--B42},
	Publisher = {Elsevier},
	Title = {Visual statistical learning in infancy: Evidence for a domain general learning mechanism},
	Volume = {83},
	Year = {2002}}

@article{fiser2002statistical,
	Author = {Fiser, J{\'o}zsef and Aslin, Richard N},
	Date-Added = {2013-12-09 12:10:16 +0000},
	Date-Modified = {2013-12-09 12:10:16 +0000},
	Journal = {Proceedings of the National Academy of Sciences},
	Number = {24},
	Pages = {15822--15826},
	Publisher = {National Acad Sciences},
	Title = {Statistical learning of new visual feature combinations by infants},
	Volume = {99},
	Year = {2002}}

@article{saffran1997incidental,
	Author = {Saffran, Jenny R and Newport, Elissa L and Aslin, Richard N and Tunick, Rachel A and Barrueco, Sandra},
	Date-Added = {2013-12-09 12:09:43 +0000},
	Date-Modified = {2013-12-09 12:09:43 +0000},
	Journal = {Psychological Science},
	Number = {2},
	Pages = {101--105},
	Publisher = {SAGE Publications},
	Title = {Incidental language learning: Listening (and learning) out of the corner of your ear},
	Volume = {8},
	Year = {1997}}

@article{saffran1996statistical,
	Author = {Saffran, Jenny R and Aslin, Richard N and Newport, Elissa L},
	Date-Added = {2013-12-09 12:09:20 +0000},
	Date-Modified = {2013-12-09 12:09:20 +0000},
	Journal = {Science},
	Number = {5294},
	Pages = {1926--1928},
	Publisher = {American Association for the Advancement of Science},
	Title = {Statistical learning by 8-month-old infants},
	Volume = {274},
	Year = {1996}}

@article{shneidman2012language,
	Author = {Shneidman, Laura A and Goldin-Meadow, Susan},
	Date-Added = {2013-12-09 11:53:43 +0000},
	Date-Modified = {2013-12-09 11:53:43 +0000},
	Journal = {Developmental science},
	Number = {5},
	Pages = {659--673},
	Publisher = {Wiley Online Library},
	Title = {Language input and acquisition in a Mayan village: how important is directed speech?},
	Volume = {15},
	Year = {2012}}

@article{akhtar2001learning,
	Author = {Akhtar, Nameera and Jipson, Jennifer and Callanan, Maureen A},
	Date-Added = {2013-12-09 11:53:06 +0000},
	Date-Modified = {2013-12-09 11:53:06 +0000},
	Journal = {Child development},
	Number = {2},
	Pages = {416--430},
	Publisher = {Wiley Online Library},
	Title = {Learning words through overhearing},
	Volume = {72},
	Year = {2001}}

@article{weisleder2013talking,
	Author = {Weisleder, Adriana and Fernald, Anne},
	Date-Added = {2013-12-09 11:33:45 +0000},
	Date-Modified = {2013-12-09 11:33:45 +0000},
	Journal = {Psychological science},
	Number = {11},
	Pages = {2143--2152},
	Publisher = {SAGE Publications},
	Title = {Talking to Children Matters Early Language Experience Strengthens Processing and Builds Vocabulary},
	Volume = {24},
	Year = {2013}}

@article{dawson2004early,
	Author = {Dawson, Geraldine and Toth, Karen and Abbott, Robert and Osterling, Julie and Munson, Jeff and Estes, Annette and Liaw, Jane},
	Date-Added = {2013-12-09 11:30:24 +0000},
	Date-Modified = {2013-12-09 11:30:24 +0000},
	Journal = {Developmental psychology},
	Number = {2},
	Pages = {271},
	Publisher = {American Psychological Association},
	Title = {Early social attention impairments in autism: social orienting, joint attention, and attention to distress.},
	Volume = {40},
	Year = {2004}}

@article{mundy1994joint,
	Author = {Mundy, Peter and Sigman, Marian and Kasari, Connie},
	Date-Added = {2013-12-09 11:30:08 +0000},
	Date-Modified = {2013-12-09 11:30:08 +0000},
	Journal = {Development and Psychopathology},
	Pages = {389--389},
	Publisher = {Cambridge Univ Press},
	Title = {Joint attention, developmental level, and symptom presentation in autism},
	Volume = {6},
	Year = {1994}}

@article{mundy1997joint,
	Author = {Mundy, Peter and Crowson, Mary},
	Date-Added = {2013-12-09 11:29:59 +0000},
	Date-Modified = {2013-12-09 11:29:59 +0000},
	Journal = {Journal of Autism and Developmental disorders},
	Number = {6},
	Pages = {653--676},
	Publisher = {Springer},
	Title = {Joint attention and early social communication: Implications for research on intervention with autism},
	Volume = {27},
	Year = {1997}}

@article{mundy1990longitudinal,
	Author = {Mundy, Peter and Sigman, Marian and Kasari, Connie},
	Date-Added = {2013-12-09 11:29:44 +0000},
	Date-Modified = {2013-12-09 11:29:44 +0000},
	Journal = {Journal of Autism and developmental Disorders},
	Number = {1},
	Pages = {115--128},
	Publisher = {Springer},
	Title = {A longitudinal study of joint attention and language development in autistic children},
	Volume = {20},
	Year = {1990}}

@article{farrar1993event,
	Author = {Farrar, Michael Jeffrey and Friend, Margaret J and Forbes, James N and others},
	Date-Added = {2013-12-09 11:21:05 +0000},
	Date-Modified = {2013-12-09 11:21:05 +0000},
	Journal = {Journal of child language},
	Pages = {591--591},
	Publisher = {Cambridge Univ Press},
	Title = {Event knowledge and early language acquisition},
	Volume = {20},
	Year = {1993}}

@article{farrant2012joint,
	Author = {Farrant, Brad M},
	Date-Added = {2013-12-09 11:19:08 +0000},
	Date-Modified = {2013-12-09 11:19:08 +0000},
	Journal = {Family Matters},
	Number = {91},
	Pages = {39},
	Title = {Joint attention and parent--child book reading},
	Year = {2012}}

@article{farrant2012early,
	Author = {Farrant, Brad M and Zubrick, Stephen R},
	Date-Added = {2013-12-09 11:18:52 +0000},
	Date-Modified = {2013-12-09 11:18:52 +0000},
	Journal = {First Language},
	Number = {3},
	Pages = {343--364},
	Publisher = {SAGE Publications},
	Title = {Early vocabulary development: The importance of joint attention and parent-child book reading},
	Volume = {32},
	Year = {2012}}

@article{yu2012embodied,
	Author = {Yu, Chen and Smith, Linda B},
	Date-Added = {2013-12-09 11:08:44 +0000},
	Date-Modified = {2013-12-09 11:08:44 +0000},
	Journal = {Cognition},
	Publisher = {Elsevier},
	Title = {Embodied attention and word learning by toddlers},
	Year = {2012}}

@article{carpenter1998social,
	Author = {Carpenter, Malinda and Nagell, Katherine and Tomasello, Michael and Butterworth, George and Moore, Chris},
	Date-Added = {2013-12-09 11:05:20 +0000},
	Date-Modified = {2013-12-09 11:05:20 +0000},
	Journal = {Monographs of the society for research in child development},
	Pages = {i--174},
	Publisher = {JSTOR},
	Title = {Social cognition, joint attention, and communicative competence from 9 to 15 months of age},
	Year = {1998}}

@article{tomasello1996eighteen,
	Author = {Tomasello, Michael and Strosberg, Randi and Akhtar, Nameera},
	Date-Added = {2013-12-09 09:36:34 +0000},
	Date-Modified = {2013-12-09 09:36:34 +0000},
	Journal = {Journal of child language},
	Pages = {157--176},
	Publisher = {Cambridge Univ Press},
	Title = {Eighteen-month-old children learn words in non-ostensive contexts},
	Volume = {23},
	Year = {1996}}

@article{tomasello1994learning,
	Author = {Tomasello, Michael and Barton, Michelle E},
	Date-Added = {2013-12-09 09:35:51 +0000},
	Date-Modified = {2013-12-09 09:35:51 +0000},
	Journal = {Developmental psychology},
	Number = {5},
	Pages = {639},
	Publisher = {American Psychological Association},
	Title = {Learning words in nonostensive contexts.},
	Volume = {30},
	Year = {1994}}

@book{bloom2002children,
	Author = {Bloom, Paul},
	Date-Added = {2013-12-09 09:35:24 +0000},
	Date-Modified = {2013-12-09 09:35:24 +0000},
	Publisher = {The MIT Press},
	Title = {How children learn the meaning of words},
	Year = {2002}}

@book{hart1995meaningful,
	Author = {Hart, Betty and Risley, Todd R},
	Date-Added = {2013-12-08 23:41:10 +0000},
	Date-Modified = {2013-12-08 23:41:10 +0000},
	Publisher = {Paul H Brookes Publishing},
	Title = {Meaningful differences in the everyday experience of young American children.},
	Year = {1995}}

@article{qian2002investigating,
	Author = {Qian, David D},
	Date-Added = {2013-12-08 23:36:08 +0000},
	Date-Modified = {2013-12-08 23:36:08 +0000},
	Journal = {Language learning},
	Number = {3},
	Pages = {513--536},
	Publisher = {Wiley Online Library},
	Title = {Investigating the relationship between vocabulary knowledge and academic reading performance: An assessment perspective},
	Volume = {52},
	Year = {2002}}

@article{baldwin2001links,
	Author = {Baldwin, Dare A and Moses, Louis J},
	Date-Added = {2013-12-08 23:32:34 +0000},
	Date-Modified = {2013-12-08 23:32:34 +0000},
	Journal = {Social Development},
	Number = {3},
	Pages = {309--329},
	Publisher = {Wiley Online Library},
	Title = {Links between social understanding and early word learning: Challenges to current accounts},
	Volume = {10},
	Year = {2001}}

@article{parish2007children,
	Author = {Parish-Morris, Julia and Hennon, Elizabeth A and Hirsh-Pasek, Kathy and Golinkoff, Roberta Michnick and Tager-Flusberg, Helen},
	Date-Added = {2013-12-08 23:11:26 +0000},
	Date-Modified = {2013-12-08 23:11:26 +0000},
	Journal = {Child Development},
	Number = {4},
	Pages = {1265--1287},
	Publisher = {Wiley Online Library},
	Title = {Children with autism illuminate the role of social intention in word learning},
	Volume = {78},
	Year = {2007}}

@article{rowe2008child,
	Author = {Rowe, Meredith L},
	Date-Added = {2013-12-08 23:10:52 +0000},
	Date-Modified = {2013-12-08 23:10:52 +0000},
	Journal = {Journal of child language},
	Number = {01},
	Pages = {185--205},
	Publisher = {Cambridge Univ Press},
	Title = {Child-directed speech: relation to socioeconomic status, knowledge of child development and child vocabulary skill},
	Volume = {35},
	Year = {2008}}

@article{hoff2006social,
	Author = {Hoff, Erika},
	Date-Added = {2013-12-08 23:09:39 +0000},
	Date-Modified = {2013-12-08 23:09:39 +0000},
	Journal = {Developmental Review},
	Number = {1},
	Pages = {55--88},
	Publisher = {Elsevier},
	Title = {How social contexts support and shape language development},
	Volume = {26},
	Year = {2006}}

@article{hoff2002children,
	Author = {Hoff, Erika and Naigles, Letitia},
	Date-Added = {2013-12-08 23:08:56 +0000},
	Date-Modified = {2013-12-08 23:08:56 +0000},
	Journal = {Child development},
	Number = {2},
	Pages = {418--433},
	Publisher = {Wiley Online Library},
	Title = {How children use input to acquire a lexicon},
	Volume = {73},
	Year = {2002}}

@article{rowe2012pace,
	Author = {Rowe, Meredith L and Raudenbush, Stephen W and Goldin-Meadow, Susan},
	Date-Added = {2013-12-08 22:43:42 +0000},
	Date-Modified = {2013-12-08 22:43:42 +0000},
	Journal = {Child development},
	Number = {2},
	Pages = {508--525},
	Publisher = {Wiley Online Library},
	Title = {The pace of vocabulary growth helps predict later vocabulary skill},
	Volume = {83},
	Year = {2012}}

@book{snow1998preventing,
	Author = {Snow, Catherine E and Burns, M Susan and Griffin, Peg and others},
	Date-Added = {2013-12-08 22:43:02 +0000},
	Date-Modified = {2013-12-08 22:43:02 +0000},
	Publisher = {National Academies Press},
	Title = {Preventing reading difficulties in young children},
	Year = {1998}}

@article{fernald2012individual,
	Author = {Fernald, Anne and Marchman, Virginia A},
	Date-Added = {2013-12-08 22:39:03 +0000},
	Date-Modified = {2013-12-08 22:39:03 +0000},
	Journal = {Child development},
	Number = {1},
	Pages = {203--222},
	Publisher = {Wiley Online Library},
	Title = {Individual Differences in Lexical Processing at 18 Months Predict Vocabulary Growth in Typically Developing and Late-Talking Toddlers},
	Volume = {83},
	Year = {2012}}

@article{marchman2008speed,
	Author = {Marchman, Virginia A and Fernald, Anne},
	Date-Added = {2013-12-08 22:38:53 +0000},
	Date-Modified = {2013-12-08 22:38:53 +0000},
	Journal = {Developmental science},
	Number = {3},
	Pages = {F9--F16},
	Publisher = {Wiley Online Library},
	Title = {Speed of word recognition and vocabulary knowledge in infancy predict cognitive and language outcomes in later childhood},
	Volume = {11},
	Year = {2008}}

@article{frank2013social,
	Author = {Frank, Michael C and Tenenbaum, Joshua B and Fernald, Anne},
	Date-Added = {2013-12-08 05:46:43 +0000},
	Date-Modified = {2013-12-08 05:46:43 +0000},
	Journal = {Language Learning and Development},
	Number = {1},
	Pages = {1--24},
	Publisher = {Taylor \&amp; Francis},
	Title = {Social and discourse contributions to the determination of reference in cross-situational word learning},
	Volume = {9},
	Year = {2013}}

@article{kanwisher1997locus,
	Author = {Kanwisher, Nancy and Woods, Roger P and Iacoboni, Marco and Mazziotta, John C},
	Date-Added = {2013-12-07 23:17:27 +0000},
	Date-Modified = {2013-12-07 23:17:27 +0000},
	Journal = {Journal of Cognitive Neuroscience},
	Number = {1},
	Pages = {133--142},
	Publisher = {MIT Press},
	Title = {A locus in human extrastriate cortex for visual shape analysis},
	Volume = {9},
	Year = {1997}}

@article{snodgrass1980standardized,
	Author = {Snodgrass, Joan G and Vanderwart, Mary},
	Date-Added = {2013-12-07 23:15:23 +0000},
	Date-Modified = {2013-12-07 23:15:23 +0000},
	Journal = {Journal of experimental psychology: Human learning and memory},
	Number = {2},
	Pages = {174},
	Publisher = {American Psychological Association},
	Title = {A standardized set of 260 pictures: norms for name agreement, image agreement, familiarity, and visual complexity.},
	Volume = {6},
	Year = {1980}}

@inproceedings{johnson2012exploiting,
	Author = {Johnson, Mark and Demuth, Katherine and Frank, Michael C},
	Booktitle = {Proceedings of the 50th Annual Meeting of the Association for Computational Linguistics: Long Papers-Volume 1},
	Date-Added = {2013-12-07 22:55:45 +0000},
	Date-Modified = {2013-12-07 22:55:45 +0000},
	Organization = {Association for Computational Linguistics},
	Pages = {883--891},
	Title = {Exploiting social information in grounded language learning via grammatical reductions},
	Year = {2012}}

@article{crump2013evaluating,
	Author = {Crump, Matthew JC and McDonnell, John V and Gureckis, Todd M},
	Date-Added = {2013-12-07 03:44:27 +0000},
	Date-Modified = {2013-12-07 03:44:27 +0000},
	Journal = {PloS one},
	Number = {3},
	Pages = {e57410},
	Publisher = {Public Library of Science},
	Title = {Evaluating Amazon's Mechanical Turk as a tool for experimental behavioral research},
	Volume = {8},
	Year = {2013}}

@article{vouloumanos2008fine,
	Author = {Vouloumanos, Athena},
	Date-Added = {2013-12-07 03:19:39 +0000},
	Date-Modified = {2013-12-07 03:19:39 +0000},
	Journal = {Cognition},
	Number = {2},
	Pages = {729--742},
	Publisher = {Elsevier},
	Title = {Fine-grained sensitivity to statistical information in adult word learning},
	Volume = {107},
	Year = {2008}}

@article{trueswell2013propose,
	Author = {Trueswell, John C and Medina, Tamara Nicol and Hafri, Alon and Gleitman, Lila},
	Date-Added = {2013-12-07 03:06:42 +0000},
	Date-Modified = {2013-12-07 03:06:42 +0000},
	Journal = {Cognitive psychology},
	Number = {1},
	Pages = {126--156},
	Publisher = {Elsevier},
	Title = {Propose but verify: Fast mapping meets cross-situational word learning},
	Volume = {66},
	Year = {2013}}

@article{yu2007unified,
	Author = {Yu, Chen and Ballard, Dana H},
	Date-Added = {2013-12-07 03:06:04 +0000},
	Date-Modified = {2013-12-07 03:06:04 +0000},
	Journal = {Neurocomputing},
	Number = {13},
	Pages = {2149--2165},
	Publisher = {Elsevier},
	Title = {A unified model of early word learning: Integrating statistical and social cues},
	Volume = {70},
	Year = {2007}}

@article{yu2012modeling,
	Author = {Yu, Chen and Smith, Linda B},
	Date-Added = {2013-12-07 03:05:50 +0000},
	Date-Modified = {2013-12-07 03:05:50 +0000},
	Journal = {Psychological review},
	Number = {1},
	Pages = {21},
	Publisher = {American Psychological Association},
	Title = {Modeling cross-situational word--referent learning: Prior questions.},
	Volume = {119},
	Year = {2012}}

@article{medina2011words,
	Author = {Medina, Tamara Nicol and Snedeker, Jesse and Trueswell, John C and Gleitman, Lila R},
	Date-Added = {2013-12-07 03:01:20 +0000},
	Date-Modified = {2013-12-07 03:01:20 +0000},
	Journal = {Proceedings of the National Academy of Sciences},
	Number = {22},
	Pages = {9014--9019},
	Publisher = {National Acad Sciences},
	Title = {How words can and cannot be learned by observation},
	Volume = {108},
	Year = {2011}}

@article{sabbagh2005understanding,
	Author = {Sabbagh, Mark A and Baldwin, Dare},
	Date-Added = {2013-12-07 00:03:29 +0000},
	Date-Modified = {2013-12-07 00:03:29 +0000},
	Journal = {Joint attention: Communication and other minds: Issues in philosophy and psychology},
	Pages = {165--184},
	Title = {Understanding the role of communicative intentions in word learning},
	Year = {2005}}

@article{akhtar1996role,
	Author = {Akhtar, Nameera and Carpenter, Malinda and Tomasello, Michael},
	Date-Added = {2013-12-07 00:02:57 +0000},
	Date-Modified = {2013-12-07 00:02:57 +0000},
	Journal = {Child Development},
	Number = {2},
	Pages = {635--645},
	Publisher = {Wiley Online Library},
	Title = {The role of discourse novelty in early word learning},
	Volume = {67},
	Year = {1996}}

@article{baldwin1993infants,
	Author = {Baldwin, Dare A},
	Date-Added = {2013-12-07 00:02:31 +0000},
	Date-Modified = {2013-12-07 00:02:31 +0000},
	Journal = {Journal of child language},
	Number = {02},
	Pages = {395--418},
	Publisher = {Cambridge Univ Press},
	Title = {Infants' ability to consult the speaker for clues to word reference},
	Volume = {20},
	Year = {1993}}

@article{hollich2000breaking,
	Author = {Hollich, George J and Hirsh-Pasek, Kathy and Golinkoff, Roberta Michnick and Brand, Rebecca J and Brown, Ellie and Chung, He Len and Hennon, Elizabeth and Rocroi, Camille and Bloom, Lois},
	Date-Added = {2013-12-06 19:00:49 +0000},
	Date-Modified = {2013-12-06 19:00:49 +0000},
	Journal = {Monographs of the society for research in child development},
	Pages = {i--135},
	Publisher = {JSTOR},
	Title = {Breaking the language barrier: An emergentist coalition model for the origins of word learning},
	Year = {2000}}

@book{tomasello2009constructing,
	Author = {Tomasello, Michael and Tomasello, Michael},
	Date-Added = {2013-12-06 19:00:03 +0000},
	Date-Modified = {2013-12-06 19:00:03 +0000},
	Publisher = {Harvard University Press},
	Title = {Constructing a language: A usage-based theory of language acquisition},
	Year = {2009}}

@article{brooks2008infant,
	Author = {Brooks, Rechele and Meltzoff, Andrew N},
	Date-Added = {2013-12-06 09:16:37 +0000},
	Date-Modified = {2013-12-06 09:16:37 +0000},
	Journal = {Journal of Child Language},
	Number = {01},
	Pages = {207--220},
	Publisher = {Cambridge Univ Press},
	Title = {Infant gaze following and pointing predict accelerated vocabulary growth through two years of age: A longitudinal, growth curve modeling study},
	Volume = {35},
	Year = {2008}}

@article{behne2005one,
	Author = {Behne, Tanya and Carpenter, Malinda and Tomasello, Michael},
	Date-Added = {2013-12-02 12:54:25 +0000},
	Date-Modified = {2013-12-02 12:54:25 +0000},
	Journal = {Developmental science},
	Number = {6},
	Pages = {492--499},
	Publisher = {Wiley Online Library},
	Title = {One-year-olds comprehend the communicative intentions behind gestures in a hiding game},
	Volume = {8},
	Year = {2005}}

@article{dominey2004indeterminacy,
	Author = {Dominey, Peter F and Dodane, Christelle},
	Date-Added = {2013-12-02 12:54:11 +0000},
	Date-Modified = {2013-12-02 12:54:11 +0000},
	Journal = {Journal of Neurolinguistics},
	Number = {2},
	Pages = {121--145},
	Publisher = {Elsevier},
	Title = {Indeterminacy in language acquisition: the role of child directed speech and joint attention},
	Volume = {17},
	Year = {2004}}

@article{carpenter1998fourteen,
	Author = {Carpenter, Malinda and Akhtar, Nameera and Tomasello, Michael},
	Date-Added = {2013-12-02 12:52:36 +0000},
	Date-Modified = {2013-12-02 12:52:36 +0000},
	Journal = {Infant Behavior and Development},
	Number = {2},
	Pages = {315--330},
	Publisher = {Elsevier},
	Title = {Fourteen-through 18-month-old infants differentially imitate intentional and accidental actions},
	Volume = {21},
	Year = {1998}}

@article{charman2003joint,
	Author = {Charman, Tony},
	Date-Added = {2013-12-02 12:52:08 +0000},
	Date-Modified = {2013-12-02 12:52:08 +0000},
	Journal = {Philosophical Transactions of the Royal Society of London. Series B: Biological Sciences},
	Number = {1430},
	Pages = {315--324},
	Publisher = {The Royal Society},
	Title = {Why is joint attention a pivotal skill in autism?},
	Volume = {358},
	Year = {2003}}

@article{tomasello2007shared,
	Author = {Tomasello, Michael and Carpenter, Malinda},
	Date-Added = {2013-12-02 12:51:13 +0000},
	Date-Modified = {2013-12-02 12:51:13 +0000},
	Journal = {Developmental science},
	Number = {1},
	Pages = {121--125},
	Publisher = {Wiley Online Library},
	Title = {Shared intentionality},
	Volume = {10},
	Year = {2007}}

@article{morales2000responding,
	Author = {Morales, Michael and Mundy, Peter and Delgado, Christine EF and Yale, Marygrace and Messinger, Daniel and Neal, Rebecca and Schwartz, Heidi K},
	Date-Added = {2013-12-02 12:50:28 +0000},
	Date-Modified = {2013-12-02 12:50:28 +0000},
	Journal = {Journal of Applied Developmental Psychology},
	Number = {3},
	Pages = {283--298},
	Publisher = {Elsevier},
	Title = {Responding to joint attention across the 6-through 24-month age period and early language acquisition},
	Volume = {21},
	Year = {2000}}

@book{tomasello2008origins,
	Author = {Tomasello, Michael},
	Date-Added = {2013-12-02 12:50:14 +0000},
	Date-Modified = {2013-12-02 12:50:14 +0000},
	Publisher = {MIT press Cambridge},
	Title = {Origins of human communication},
	Year = {2008}}

@article{barton1991joint,
	Author = {Barton, Michelle E and Tomasello, Michael},
	Date-Added = {2013-12-02 12:50:01 +0000},
	Date-Modified = {2013-12-02 12:50:01 +0000},
	Journal = {Child Development},
	Number = {3},
	Pages = {517--529},
	Publisher = {Wiley Online Library},
	Title = {Joint attention and conversation in mother-infant-sibling triads},
	Volume = {62},
	Year = {1991}}

@article{carpenter1995joint,
	Author = {Carpenter, Malinda and Tomasello, Michael},
	Date-Added = {2013-12-02 12:49:20 +0000},
	Date-Modified = {2013-12-02 12:49:20 +0000},
	Journal = {Social Development},
	Number = {3},
	Pages = {217--237},
	Publisher = {Wiley Online Library},
	Title = {Joint Attention and Imitative Learning in Children, Chimpanzees, and Enculturated Chimpanzees*},
	Volume = {4},
	Year = {1995}}

@article{mundy1998individual,
	Author = {Mundy, Peter and Gomes, Antoinette},
	Date-Added = {2013-12-02 12:48:54 +0000},
	Date-Modified = {2013-12-02 12:48:54 +0000},
	Journal = {Infant behavior and development},
	Number = {3},
	Pages = {469--482},
	Publisher = {Elsevier},
	Title = {Individual differences in joint attention skill development in the second year},
	Volume = {21},
	Year = {1998}}

@article{tomasello1983joint,
	Author = {Tomasello, Michael and Todd, Jody},
	Date-Added = {2013-12-02 12:48:30 +0000},
	Date-Modified = {2013-12-02 12:48:30 +0000},
	Journal = {First language},
	Number = {12},
	Pages = {197--211},
	Publisher = {Sage Publications},
	Title = {Joint attention and lexical acquisition style},
	Volume = {4},
	Year = {1983}}

@article{tomasello1986joint,
	Author = {Tomasello, Michael and Farrar, Michael Jeffrey},
	Date-Added = {2013-12-02 12:48:20 +0000},
	Date-Modified = {2013-12-02 12:48:20 +0000},
	Journal = {Child development},
	Pages = {1454--1463},
	Publisher = {JSTOR},
	Title = {Joint attention and early language},
	Year = {1986}}
	

@inproceedings{yurovsky2010active,
	Author = {Yurovsky, Daniel and Fricker, Damian and Yu, Chen and Smith, Linda B},
	Booktitle = {Proceedings of the 32nd Annual Conference of the Cognitive Science Society. Austin, TX: Cognitive Science Society},
	Date-Added = {2013-12-02 12:44:37 +0000},
	Date-Modified = {2013-12-02 12:44:37 +0000},
	Pages = {2609--2614},
	Title = {The active role of partial knowledge in cross-situational word learning},
	Year = {2010}}

@inproceedings{yurovsky2008mutual,
	Author = {Yurovsky, Daniel and Yu, Chen},
	Booktitle = {Proceedings of the 30th annual conference of the Cognitive Science Society},
	Date-Added = {2013-12-02 12:44:24 +0000},
	Date-Modified = {2013-12-02 12:44:24 +0000},
	Organization = {Citeseer},
	Pages = {715--720},
	Title = {Mutual exclusivity in crosssituational statistical learning},
	Year = {2008}}

@article{blythe2010learning,
	Author = {Blythe, Richard A and Smith, Kenny and Smith, Andrew DM},
	Date-Added = {2013-12-02 12:42:38 +0000},
	Date-Modified = {2013-12-02 12:42:38 +0000},
	Journal = {Cognitive Science},
	Number = {4},
	Pages = {620--642},
	Publisher = {Wiley Online Library},
	Title = {Learning Times for Large Lexicons Through Cross-Situational Learning},
	Volume = {34},
	Year = {2010}}

@article{frank2009using,
	Author = {Frank, Michael C and Goodman, Noah D and Tenenbaum, Joshua B},
	Date-Added = {2013-12-02 12:42:28 +0000},
	Date-Modified = {2013-12-02 12:42:28 +0000},
	Journal = {Psychological Science},
	Number = {5},
	Pages = {578--585},
	Publisher = {SAGE Publications},
	Title = {Using speakers' referential intentions to model early cross-situational word learning},
	Volume = {20},
	Year = {2009}}

@article{smith2011cross,
	Author = {Smith, Kenny and Smith, Andrew DM and Blythe, Richard A},
	Date-Added = {2013-12-02 12:42:19 +0000},
	Date-Modified = {2013-12-02 12:42:19 +0000},
	Journal = {Cognitive Science},
	Number = {3},
	Pages = {480--498},
	Publisher = {Wiley Online Library},
	Title = {Cross-Situational Learning: An Experimental Study of Word-Learning Mechanisms},
	Volume = {35},
	Year = {2011}}

@incollection{smith2006cross,
	Author = {Smith, Kenny and Smith, Andrew DM and Blythe, Richard A and Vogt, Paul},
	Booktitle = {Symbol grounding and beyond},
	Date-Added = {2013-12-02 12:42:09 +0000},
	Date-Modified = {2013-12-02 12:42:09 +0000},
	Pages = {31--44},
	Publisher = {Springer},
	Title = {Cross-situational learning: a mathematical approach},
	Year = {2006}}

@article{smith2008infants,
	Author = {Smith, Linda B and Yu, Chen},
	Date-Added = {2013-12-02 12:41:51 +0000},
	Date-Modified = {2013-12-02 12:41:51 +0000},
	Journal = {Cognition},
	Number = {3},
	Pages = {1558--1568},
	Publisher = {Elsevier},
	Title = {Infants rapidly learn word-referent mappings via cross-situational statistics},
	Volume = {106},
	Year = {2008}}

@article{yu2007rapid,
	Author = {Yu, Chen and Smith, Linda B},
	Date-Added = {2013-12-02 12:41:40 +0000},
	Date-Modified = {2013-12-02 12:41:40 +0000},
	Journal = {Psychological Science},
	Number = {5},
	Pages = {414--420},
	Publisher = {SAGE Publications},
	Title = {Rapid word learning under uncertainty via cross-situational statistics},
	Volume = {18},
	Year = {2007}}

@article{samuelson1998memory,
	Author = {Samuelson, Larissa K and Smith, Linda B},
	Date-Added = {2013-12-02 12:40:48 +0000},
	Date-Modified = {2013-12-02 12:40:48 +0000},
	Journal = {Child Development},
	Number = {1},
	Pages = {94--104},
	Publisher = {Wiley Online Library},
	Title = {Memory and attention make smart word learning: An alternative account of Akhtar, Carpenter, and Tomasello},
	Volume = {69},
	Year = {1998}}

@article{tomasello1992joint,
	Author = {Tomasello, Michael and Kruger, Ann Cale and others},
	Date-Added = {2013-12-02 12:40:17 +0000},
	Date-Modified = {2013-12-02 12:40:17 +0000},
	Journal = {Journal of Child Language},
	Number = {2},
	Pages = {311--333},
	Publisher = {Cambridge Univ Press},
	Title = {Joint attention on actions: Acquiring verbs in ostensive and non-ostensive contexts},
	Volume = {19},
	Year = {1992}}

@article{akhtar2007joint,
	Author = {Akhtar, Nameera and Gernsbacher, Morton Ann},
	Date-Added = {2013-12-02 12:39:57 +0000},
	Date-Modified = {2013-12-02 12:39:57 +0000},
	Journal = {Language and Linguistics Compass},
	Number = {3},
	Pages = {195--207},
	Publisher = {Wiley Online Library},
	Title = {Joint attention and vocabulary development: a critical look},
	Volume = {1},
	Year = {2007}}

@article{baron1997children,
	Author = {Baron-Cohen, Simon and Baldwin, Dare A and Crowson, Mary},
	Date-Added = {2013-12-02 12:38:53 +0000},
	Date-Modified = {2013-12-02 12:38:53 +0000},
	Journal = {Child development},
	Number = {1},
	Pages = {48--57},
	Publisher = {Wiley Online Library},
	Title = {Do children with autism use the speaker's direction of gaze strategy to crack the code of language?},
	Volume = {68},
	Year = {1997}}

@article{baldwin1995understanding,
	Author = {Baldwin, Dare A},
	Date-Added = {2013-12-02 12:38:18 +0000},
	Date-Modified = {2013-12-02 12:38:18 +0000},
	Publisher = {Lawrence Erlbaum Associates, Inc},
	Title = {Understanding the link between joint attention and language.},
	Year = {1995}}

@article{bates2013lme4,
  title={lme4: Linear mixed-effects models using Eigen and S4},
  author={Bates, Douglas and Maechler, Martin and Bolker, Ben and Walker, Steven},
  journal={R package version},
  volume={1},
  number={4},
  year={2013}
}

@article{yurovsky2013statistical,
  title={Statistical word learning at scale: the baby's view is better},
  author={Yurovsky, Daniel and Smith, Linda B and Yu, Chen},
  journal={Developmental science},
  volume={16},
  number={6},
  pages={959--966},
  year={2013},
  publisher={Wiley Online Library}
}

@article{wu2011infants,
  title={Infants learn about objects from statistics and people.},
  author={Wu, Rachel and Gopnik, Alison and Richardson, Daniel C and Kirkham, Natasha Z},
  journal={Developmental psychology},
  volume={47},
  number={5},
  pages={1220},
  year={2011},
  publisher={American Psychological Association}
}

@article{smith2011not,
  title={Not your mother’s view: The dynamics of toddler visual experience},
  author={Smith, Linda B and Yu, Chen and Pereira, Alfredo F},
  journal={Developmental science},
  volume={14},
  number={1},
  pages={9--17},
  year={2011},
  publisher={Wiley Online Library}
}

@article{siskind1996computational,
  title={A computational study of cross-situational techniques for learning word-to-meaning mappings},
  author={Siskind, Jeffrey Mark},
  journal={Cognition},
  volume={61},
  number={1},
  pages={39--91},
  year={1996},
  publisher={Elsevier}
}

@article{cartmill2013quality,
  title={Quality of early parent input predicts child vocabulary 3 years later},
  author={Cartmill, Erica A and Armstrong, Benjamin F and Gleitman, Lila R and Goldin-Meadow, Susan and Medina, Tamara N and Trueswell, John C},
  journal={Proceedings of the National Academy of Sciences},
  volume={110},
  number={28},
  pages={11278--11283},
  year={2013},
  publisher={National Acad Sciences}
}

@misc{marr1982vision,
  title={Vision: A computational approach},
  author={Marr, David},
  year={1982},
  publisher={Freeman \& Co., San Francisco}
}

@article{smith2013visual,
  title={Visual attention is not enough: Individual differences in statistical word-referent learning in infants},
  author={Smith, Linda B and Yu, Chen},
  journal={Language Learning and Development},
  volume={9},
  number={1},
  pages={25--49},
  year={2013},
  publisher={Taylor \& Francis}
}

@article{vlach2013memory,
  title={Memory constraints on infants’ cross-situational statistical learning},
  author={Vlach, Haley A and Johnson, Scott P},
  journal={Cognition},
  volume={127},
  number={3},
  pages={375--382},
  year={2013},
  publisher={Elsevier}
}

@article{colombo2001development,
  title={The development of visual attention in infancy},
  author={Colombo, John},
  journal={Annual review of psychology},
  volume={52},
  number={1},
  pages={337--367},
  year={2001},
  publisher={Annual Reviews 4139 El Camino Way, PO Box 10139, Palo Alto, CA 94303-0139, USA}
}

@article{ross2003development,
  title={The development of visual short-term memory capacity in infants},
  author={Ross-sheehy, Shannon and Oakes, Lisa M and Luck, Steven J},
  journal={Child development},
  volume={74},
  number={6},
  pages={1807--1822},
  year={2003},
  publisher={Wiley Online Library}
}

@book{oakes2011infant,
  title={Infant perception and cognition: Recent advances, emerging theories, and future directions},
  author={Oakes, Lisa M},
  year={2011},
  publisher={Oxford University Press, USA}
}

@article{rohde2014markers,
  title={Markers of Topical Discourse in Child-Directed Speech},
  author={Rohde, Hannah and Frank, Michael C},
  journal={Cognitive science},
  volume={38},
  number={8},
  pages={1634--1661},
  year={2014},
  publisher={Wiley Online Library}
}

@article{brooks2005development,
  title={The development of gaze following and its relation to language},
  author={Brooks, Rechele and Meltzoff, Andrew N},
  journal={Developmental science},
  volume={8},
  number={6},
  pages={535--543},
  year={2005},
  publisher={Wiley Online Library}
}

@article{koehne2014interplay,
  title={The Interplay of Cross-Situational Word Learning and Sentence-Level Constraints},
  author={Koehne, Judith and Crocker, Matthew W},
  journal={Cognitive science},
  year={2014},
  publisher={Wiley Online Library}
}

@article{friesen2004attentional,
  title={Attentional effects of counterpredictive gaze and arrow cues.},
  author={Friesen, Chris Kelland and Ristic, Jelena and Kingstone, Alan},
  journal={Journal of Experimental Psychology: Human Perception and Performance},
  volume={30},
  number={2},
  pages={319},
  year={2004},
  publisher={American Psychological Association}
}

@article{woodard2016two,
  title={Two-and three-year-olds track a single meaning during word learning: Evidence for Propose-but-verify},
  author={Woodard, Kristina and Gleitman, Lila R and Trueswell, John C},
  journal={Language Learning and Development},
  volume={12},
  number={3},
  pages={252--261},
  year={2016},
  publisher={Taylor \& Francis}
}

@article{trueswell2016perceiving,
  title={Perceiving referential intent: Dynamics of reference in natural parent--child interactions},
  author={Trueswell, John C and Lin, Yi and Armstrong, Benjamin and Cartmill, Erica A and Goldin-Meadow, Susan and Gleitman, Lila R},
  journal={Cognition},
  volume={148},
  pages={117--135},
  year={2016},
  publisher={Elsevier}
}

@article{houston2006use,
  title={The use of social and salience cues in early word learning},
  author={Houston-Price, Carmel and Plunkett, Kim and Duffy, Hester},
  journal={Journal of experimental child psychology},
  volume={95},
  number={1},
  pages={27--55},
  year={2006},
  publisher={Elsevier}
}

@article{yoshida2012exclusion,
  title={Exclusion constraints facilitate statistical word learning},
  author={Yoshida, Katherine and Rhemtulla, Mijke and Vouloumanos, Athena},
  journal={Cognitive science},
  volume={36},
  number={5},
  pages={933--947},
  year={2012},
  publisher={Wiley Online Library}
}

@article{gleitman1990structural,
  title={The structural sources of verb meanings},
  author={Gleitman, Lila},
  journal={Language acquisition},
  volume={1},
  number={1},
  pages={3--55},
  year={1990},
  publisher={Taylor \& Francis}
}

@article{lenth2016lsmeans,
    title = {Least-Squares Means: The {R} Package {lsmeans}},
    author = {Russell V. Lenth},
    journal = {Journal of Statistical Software},
    year = {2016},
    volume = {69},
    number = {1},
    pages = {1--33},
    doi = {10.18637/jss.v069.i01},
  }
  
  @article{gillette1999human,
  title={Human simulations of vocabulary learning},
  author={Gillette, Jane and Gleitman, Henry and Gleitman, Lila and Lederer, Anne},
  journal={Cognition},
  volume={73},
  number={2},
  pages={135--176},
  year={1999},
  publisher={Elsevier}
}

@article{barr2013random,
  title={Random effects structure for testing interactions in linear mixed-effects models},
  author={Barr, Dale J},
  journal={Frontiers in psychology},
  volume={4},
  pages={328},
  year={2013},
  publisher={Frontiers}
}

@article{markman1978empirical,
  title={Empirical versus logical solutions to part-whole comparison problems concerning classes and collections},
  author={Markman, Ellen M},
  journal={Child development},
  pages={168--177},
  year={1978},
  publisher={JSTOR}
}

@article{landau1988importance,
  title={The importance of shape in early lexical learning},
  author={Landau, Barbara and Smith, Linda B and Jones, Susan S},
  journal={Cognitive development},
  volume={3},
  number={3},
  pages={299--321},
  year={1988},
  publisher={Elsevier}
}

@article{blythe2016word,
  title={Word learning under infinite uncertainty},
  author={Blythe, Richard A and Smith, Andrew DM and Smith, Kenny},
  journal={Cognition},
  volume={151},
  pages={18--27},
  year={2016},
  publisher={Elsevier}
}

@article{roy2002learning,
  title={Learning words from sights and sounds: A computational model},
  author={Roy, Deb K and Pentland, Alex P},
  journal={Cognitive science},
  volume={26},
  number={1},
  pages={113--146},
  year={2002},
  publisher={Wiley Online Library}
}

@article{kachergis2013actively,
  title={Actively learning object names across ambiguous situations},
  author={Kachergis, George and Yu, Chen and Shiffrin, Richard M},
  journal={Topics in Cognitive Science},
  volume={5},
  number={1},
  pages={200--213},
  year={2013},
  publisher={Wiley Online Library}
}

@inproceedings{hidaka2017quantifying,
  title={Quantifying the impact of active choice in word learning},
  author={Hidaka, Shohei and Torii, Takuma and Kachergis, George},
  year={2017},
  organization={Cognitive Science Society}
}

@article{markant2014better,
  title={Is it better to select or to receive? Learning via active and passive hypothesis testing.},
  author={Markant, Douglas B and Gureckis, Todd M},
  journal={Journal of Experimental Psychology: General},
  volume={143},
  number={1},
  pages={94},
  year={2014},
  publisher={American Psychological Association}
}

@article{settles2012active,
  title={Active learning},
  author={Settles, Burr},
  journal={Synthesis Lectures on Artificial Intelligence and Machine Learning},
  volume={6},
  number={1},
  pages={1--114},
  year={2012},
  publisher={Morgan \& Claypool Publishers}
}

@article{nickerson1998confirmation,
  title={Confirmation bias: A ubiquitous phenomenon in many guises.},
  author={Nickerson, Raymond S},
  journal={Review of general psychology},
  volume={2},
  number={2},
  pages={175},
  year={1998},
  publisher={Educational Publishing Foundation}
}

@article{klahr2004equivalence,
  title={The equivalence of learning paths in early science instruction effects of direct instruction and discovery learning},
  author={Klahr, David and Nigam, Milena},
  journal={Psychological Science},
  volume={15},
  number={10},
  pages={661--667},
  year={2004},
  publisher={SAGE Publications}
}

@inproceedings{castro2009human,
  title={Human active learning},
  author={Castro, Rui M and Kalish, Charles and Nowak, Robert and Qian, Ruichen and Rogers, Tim and Zhu, Xiaojin},
  booktitle={Advances in neural information processing systems},
  pages={241--248},
  year={2009}
}

@article{kachergis2013actively,
  title={Actively learning object names across ambiguous situations},
  author={Kachergis, George and Yu, Chen and Shiffrin, Richard M},
  journal={Topics in cognitive science},
  volume={5},
  number={1},
  pages={200--213},
  year={2013},
  publisher={Wiley Online Library}
}

@article{bonawitz2011double,
  title={The double-edged sword of pedagogy: Instruction limits spontaneous exploration and discovery},
  author={Bonawitz, Elizabeth and Shafto, Patrick and Gweon, Hyowon and Goodman, Noah D and Spelke, Elizabeth and Schulz, Laura},
  journal={Cognition},
  volume={120},
  number={3},
  pages={322--330},
  year={2011},
  publisher={Elsevier}
}

@article{ruggeri2015children,
  title={Children adapt their questions to achieve efficient search},
  author={Ruggeri, Azzurra and Lombrozo, Tania},
  journal={Cognition},
  volume={143},
  pages={203--216},
  year={2015},
  publisher={Elsevier}
}

@article{ruggeri2015basic,
  title={How basic-level objects facilitate question-asking in a categorization task},
  author={Ruggeri, Azzurra and Feufel, Markus A},
  journal={Frontiers in psychology},
  volume={6},
  year={2015},
  publisher={Frontiers Media SA}
}

@article{fitneva2010selective,
  title={Selective information seeking after a single encounter.},
  author={Fitneva, Stanka A and Dunfield, Kristen A},
  journal={Developmental psychology},
  volume={46},
  number={5},
  pages={1380},
  year={2010},
  publisher={American Psychological Association}
}

@article{begus2014infants,
  title={Infants learn what they want to learn: responding to infant pointing leads to superior learning},
  author={Begus, Katarina and Gliga, Teodora and Southgate, Victoria},
  year={2014}
}

@article{baldwin1996ontogeny,
  title={The ontogeny of social information gathering},
  author={Baldwin, Dare A and Moses, Louis J},
  journal={Child Development},
  volume={67},
  number={5},
  pages={1915--1939},
  year={1996},
  publisher={Wiley Online Library}
}

@article{miller1986children,
  title={Children's strategies for gathering information in three tasks},
  author={Miller, Patricia H and Haynes, Vernon F and DeMarie-Dreblow, Darlene and Woody-Ramsey, Janet},
  journal={Child Development},
  pages={1429--1439},
  year={1986},
  publisher={JSTOR}
}

@article{gregan1995young,
  title={Are young children adaptive decision makers? A study of age differences in information search behavior},
  author={Gregan-Paxton, Jennifer and John, Deborah Roedder},
  journal={Journal of Consumer Research},
  pages={567--580},
  year={1995},
  publisher={JSTOR}
}

@article{gureckis2012self,
  title={Self-directed learning a cognitive and computational perspective},
  author={Gureckis, Todd M and Markant, Douglas B},
  journal={Perspectives on Psychological Science},
  volume={7},
  number={5},
  pages={464--481},
  year={2012},
  publisher={Sage Publications}
}

@article{grabinger1995rich,
  title={Rich environments for active learning: A definition},
  author={Grabinger, R Scott and Dunlap, Joanna C},
  journal={Research in learning Technology},
  volume={3},
  number={2},
  year={1995}
}

@article{kapur2008productive,
  title={Productive failure},
  author={Kapur, Manu},
  journal={Cognition and instruction},
  volume={26},
  number={3},
  pages={379--424},
  year={2008},
  publisher={Taylor \& Francis}
}

@article{westermann2012delaying,
  title={Delaying instruction: evidence from a study in a university relearning setting},
  author={Westermann, Katharina and Rummel, Nikol},
  journal={Instructional Science},
  volume={40},
  number={4},
  pages={673--689},
  year={2012},
  publisher={Springer}
}

@article{bates2013lme4,
  title={lme4: Linear mixed-effects models using Eigen and S4},
  author={Bates, Douglas and Maechler, Martin and Bolker, Ben and Walker, Steven},
  journal={R package version},
  volume={1},
  number={4},
  year={2013}
}

@article{lombrozo2006structure,
  title={The structure and function of explanations},
  author={Lombrozo, Tania},
  journal={Trends in cognitive sciences},
  volume={10},
  number={10},
  pages={464--470},
  year={2006},
  publisher={Elsevier}
}

@article{monsell2003task,
  title={Task switching},
  author={Monsell, Stephen},
  journal={Trends in cognitive sciences},
  volume={7},
  number={3},
  pages={134--140},
  year={2003},
  publisher={Elsevier}
}

@article{markant2014deconstructing,
  title={Deconstructing the effect of self-directed study on episodic memory},
  author={Markant, Douglas and DuBrow, Sarah and Davachi, Lila and Gureckis, Todd M},
  journal={Memory \& cognition},
  volume={42},
  number={8},
  pages={1211--1224},
  year={2014},
  publisher={Springer}
}

@article{edmunds2015feedback,
  title={Feedback can be superior to observational training for both rule-based and information-integration category structures},
  author={Edmunds, CER and Milton, Fraser and Wills, Andy J},
  journal={The Quarterly Journal of Experimental Psychology},
  volume={68},
  number={6},
  pages={1203--1222},
  year={2015},
  publisher={Taylor \& Francis}
}

@article{thai2015making,
  title={Making Experts: Optimizing Perceptual Learning in Complex, Real-World Learning Domains},
  author={Thai, Khanh-Phuong},
  year={2015}
}


@article{vul2014,
	Author = {Vul, Edward and Goodman, Noah and Griffiths, Thomas L and Tenenbaum, Joshua B},
	Date-Added = {2015-02-02 17:51:35 +0000},
	Date-Modified = {2015-02-02 17:51:37 +0000},
	Journal = {Cognitive science},
	Number = {4},
	Pages = {599--637},
	Publisher = {Wiley Online Library},
	Title = {One and done? Optimal decisions from very few samples},
	Volume = {38},
	Year = {2014}}

@article{koenig2004trust,
	Author = {Koenig, Melissa A and Clement, Fabrice and Harris, Paul L},
	Date-Added = {2015-01-31 03:59:49 +0000},
	Date-Modified = {2015-01-31 03:59:49 +0000},
	Journal = {Psychological Science},
	Number = {10},
	Pages = {694--698},
	Publisher = {SAGE Publications},
	Title = {Trust in testimony: Children's use of true and false statements},
	Volume = {15},
	Year = {2004}}

@article{vlach2013memory,
	Author = {Vlach, Haley A and Johnson, Scott P},
	Date-Added = {2015-01-29 03:53:54 +0000},
	Date-Modified = {2015-01-29 03:53:54 +0000},
	Journal = {Cognition},
	Number = {3},
	Pages = {375--382},
	Publisher = {Elsevier},
	Title = {Memory constraints on infants' cross-situational statistical learning},
	Volume = {127},
	Year = {2013}}

@book{clark2009first,
	Author = {Clark, Eve V},
	Date-Added = {2015-01-18 18:52:50 +0000},
	Date-Modified = {2015-01-18 18:52:50 +0000},
	Publisher = {Cambridge University Press},
	Title = {First language acquisition},
	Year = {2009}}

@inproceedings{vul2009one,
	Author = {Vul, Edward and Goodman, Noah D and Griffiths, Thomas L and Tenenbaum, Joshua B},
	Booktitle = {Proceedings of the 31st annual conference of the cognitive science society},
	Date-Added = {2015-01-18 18:44:15 +0000},
	Date-Modified = {2015-01-18 18:44:15 +0000},
	Pages = {66--72},
	Title = {One and done? Optimal decisions from very few samples},
	Volume = {1},
	Year = {2009}}

@article{griffiths2015rational,
  title={Rational use of cognitive resources: Levels of analysis between the computational and the algorithmic},
  author={Griffiths, Thomas L and Lieder, Falk and Goodman, Noah D},
  journal={Topics in cognitive science},
  volume={7},
  number={2},
  pages={217--229},
  year={2015},
  publisher={Wiley Online Library}
}

@article{xu2007sampling,
	Author = {Xu, Fei and Tenenbaum, Joshua B},
	Date-Added = {2014-06-02 17:43:53 +0000},
	Date-Modified = {2014-06-02 17:45:03 +0000},
	Journal = {Developmental Science},
	Number = {3},
	Pages = {288-297},
	Title = {Sensitivity to sampling in Bayesian word learning},
	Volume = {10},
	Year = {2007}}

@article{csibra2009natural,
	Author = {Csibra, Gergely and Gergely, Gy{\"o}rgy},
	Date-Added = {2014-06-02 15:33:35 +0000},
	Date-Modified = {2014-06-02 15:33:35 +0000},
	Journal = {Trends in cognitive sciences},
	Number = {4},
	Pages = {148--153},
	Publisher = {Elsevier},
	Title = {Natural pedagogy},
	Volume = {13},
	Year = {2009}}

@article{shafto2012learning,
	Author = {Shafto, Patrick and Goodman, Noah D and Frank, Michael C},
	Date-Added = {2014-06-02 15:23:53 +0000},
	Date-Modified = {2014-06-02 15:23:53 +0000},
	Journal = {Perspectives on Psychological Science},
	Number = {4},
	Pages = {341--351},
	Publisher = {Sage Publications},
	Title = {Learning From Others The Consequences of Psychological Reasoning for Human Learning},
	Volume = {7},
	Year = {2012}}

@article{bonawitz2011double,
	Author = {Bonawitz, Elizabeth and Shafto, Patrick and Gweon, Hyowon and Goodman, Noah D and Spelke, Elizabeth and Schulz, Laura},
	Date-Added = {2014-06-02 15:20:21 +0000},
	Date-Modified = {2014-06-02 15:20:21 +0000},
	Journal = {Cognition},
	Number = {3},
	Pages = {322--330},
	Publisher = {Elsevier},
	Title = {The double-edged sword of pedagogy: Instruction limits spontaneous exploration and discovery},
	Volume = {120},
	Year = {2011}}

@article{luce1959individual,
	Author = {Luce, R Duncan and others},
	Date-Added = {2014-06-02 14:49:34 +0000},
	Date-Modified = {2014-06-02 14:49:34 +0000},
	Journal = {New York},
	Title = {Individual choice behaviour: a theoretical analysis},
	Volume = {142},
	Year = {1959}}

@article{baayen2008mixed,
	Author = {Baayen, R Harald and Davidson, Douglas J and Bates, Douglas M},
	Date-Added = {2014-06-02 09:30:24 +0000},
	Date-Modified = {2014-06-02 09:30:24 +0000},
	Journal = {Journal of memory and language},
	Number = {4},
	Pages = {390--412},
	Publisher = {Elsevier},
	Title = {Mixed-effects modeling with crossed random effects for subjects and items},
	Volume = {59},
	Year = {2008}}

@article{cleveland2007joint,
	Author = {Cleveland, Allison and Schug, Mariah and Striano, Tricia},
	Date-Added = {2014-06-02 03:57:13 +0000},
	Date-Modified = {2014-06-02 03:57:13 +0000},
	Journal = {Infant and Child Development},
	Number = {3},
	Pages = {295--306},
	Publisher = {Wiley Online Library},
	Title = {Joint attention and object learning in 5-and 7-month-old infants},
	Volume = {16},
	Year = {2007}}

@article{yoon2008communication,
	Author = {Yoon, Jennifer MD and Johnson, Mark H and Csibra, Gergely},
	Date-Added = {2014-06-02 03:56:37 +0000},
	Date-Modified = {2014-06-02 03:56:37 +0000},
	Journal = {Proceedings of the National Academy of Sciences},
	Number = {36},
	Pages = {13690--13695},
	Publisher = {National Acad Sciences},
	Title = {Communication-induced memory biases in preverbal infants},
	Volume = {105},
	Year = {2008}}

@article{wu2010no,
	Author = {Wu, Rachel and Kirkham, Natasha Z},
	Date-Added = {2014-06-02 03:53:26 +0000},
	Date-Modified = {2014-06-02 03:53:26 +0000},
	Journal = {Journal of experimental child psychology},
	Number = {2},
	Pages = {118--136},
	Publisher = {Elsevier},
	Title = {No two cues are alike: Depth of learning during infancy is dependent on what orients attention},
	Volume = {107},
	Year = {2010}}

@article{yurovsky2014algorithmic,
	Author = {Yurovsky, Daniel and Frank, Michael C},
	Date-Added = {2014-06-02 03:21:57 +0000},
	Date-Modified = {2015-02-04 23:52:48 +0000},
	Title = {An integrative account of constraints on cross-situational learning},
	Year = {2015},
	Journal = {Cognition}
	}

@article{mcmurray2012word,
	Author = {McMurray, Bob and Horst, Jessica S and Samuelson, Larissa K},
	Date-Added = {2014-06-01 23:37:41 +0000},
	Date-Modified = {2014-06-01 23:37:41 +0000},
	Journal = {Psychological review},
	Number = {4},
	Pages = {831},
	Publisher = {American Psychological Association},
	Title = {Word learning emerges from the interaction of online referent selection and slow associative learning.},
	Volume = {119},
	Year = {2012}}

@article{yurovsky2014role,
	Author = {Yurovsky, Daniel and Fricker, Damian C and Yu, Chen and Smith, Linda B},
	Date-Added = {2014-06-01 23:36:44 +0000},
	Date-Modified = {2014-06-01 23:36:44 +0000},
	Journal = {Psychonomic bulletin \&amp; review},
	Number = {1},
	Pages = {1--22},
	Publisher = {Springer},
	Title = {The role of partial knowledge in statistical word learning},
	Volume = {21},
	Year = {2014}}

@article{smith2014unrealized,
	Author = {Smith, Linda B and Suanda, Sumarga H and Yu, Chen},
	Date-Added = {2014-06-01 22:52:54 +0000},
	Date-Modified = {2014-06-01 22:58:38 +0000},
	Journal = {Trends in Cognitive Sciences},
	Number = {5},
	Pages = {251--258},
	Rating = {1},
	Title = {The unrealized promise of infant statistical word--referent learning},
	Volume = {18},
	Year = {2014}}

@article{gleitman1990structural,
	Author = {Gleitman, Lila},
	Date-Added = {2014-05-31 22:00:59 +0000},
	Date-Modified = {2014-05-31 22:00:59 +0000},
	Journal = {Language acquisition},
	Number = {1},
	Pages = {3--55},
	Publisher = {Taylor \&amp; Francis},
	Title = {The structural sources of verb meanings},
	Volume = {1},
	Year = {1990}}

@article{markman1990constraints,
	Author = {Markman, Ellen M},
	Date-Added = {2014-05-31 21:58:56 +0000},
	Date-Modified = {2014-05-31 21:58:56 +0000},
	Journal = {Cognitive Science},
	Number = {1},
	Pages = {57--77},
	Publisher = {Wiley Online Library},
	Title = {Constraints children place on word meanings},
	Volume = {14},
	Year = {1990}}

@article{smith2000learning,
	Author = {Smith, Linda B},
	Date-Added = {2014-05-31 21:52:42 +0000},
	Date-Modified = {2014-05-31 21:52:42 +0000},
	Journal = {Becoming a word learner: A debate on lexical acquisition},
	Pages = {51--80},
	Title = {Learning how to learn words: An associative crane},
	Year = {2000}}

@article{quine19600,
	Author = {Quine, Willard V},
	Date-Added = {2014-05-31 21:46:32 +0000},
	Date-Modified = {2014-05-31 21:46:32 +0000},
	Journal = {111e MIT Press},
	Title = {0. Word and object},
	Year = {1960}}


@article{kirkham2002visual,
	Author = {Kirkham, Natasha Z and Slemmer, Jonathan A and Johnson, Scott P},
	Date-Added = {2013-12-09 12:12:18 +0000},
	Date-Modified = {2013-12-09 12:12:18 +0000},
	Journal = {Cognition},
	Number = {2},
	Pages = {B35--B42},
	Publisher = {Elsevier},
	Title = {Visual statistical learning in infancy: Evidence for a domain general learning mechanism},
	Volume = {83},
	Year = {2002}}

@article{fiser2002statistical,
	Author = {Fiser, J{\'o}zsef and Aslin, Richard N},
	Date-Added = {2013-12-09 12:10:16 +0000},
	Date-Modified = {2013-12-09 12:10:16 +0000},
	Journal = {Proceedings of the National Academy of Sciences},
	Number = {24},
	Pages = {15822--15826},
	Publisher = {National Acad Sciences},
	Title = {Statistical learning of new visual feature combinations by infants},
	Volume = {99},
	Year = {2002}}

@article{saffran1997incidental,
	Author = {Saffran, Jenny R and Newport, Elissa L and Aslin, Richard N and Tunick, Rachel A and Barrueco, Sandra},
	Date-Added = {2013-12-09 12:09:43 +0000},
	Date-Modified = {2013-12-09 12:09:43 +0000},
	Journal = {Psychological Science},
	Number = {2},
	Pages = {101--105},
	Publisher = {SAGE Publications},
	Title = {Incidental language learning: Listening (and learning) out of the corner of your ear},
	Volume = {8},
	Year = {1997}}

@article{saffran1996statistical,
	Author = {Saffran, Jenny R and Aslin, Richard N and Newport, Elissa L},
	Date-Added = {2013-12-09 12:09:20 +0000},
	Date-Modified = {2013-12-09 12:09:20 +0000},
	Journal = {Science},
	Number = {5294},
	Pages = {1926--1928},
	Publisher = {American Association for the Advancement of Science},
	Title = {Statistical learning by 8-month-old infants},
	Volume = {274},
	Year = {1996}}

@article{shneidman2012language,
	Author = {Shneidman, Laura A and Goldin-Meadow, Susan},
	Date-Added = {2013-12-09 11:53:43 +0000},
	Date-Modified = {2013-12-09 11:53:43 +0000},
	Journal = {Developmental science},
	Number = {5},
	Pages = {659--673},
	Publisher = {Wiley Online Library},
	Title = {Language input and acquisition in a Mayan village: how important is directed speech?},
	Volume = {15},
	Year = {2012}}

@article{akhtar2001learning,
	Author = {Akhtar, Nameera and Jipson, Jennifer and Callanan, Maureen A},
	Date-Added = {2013-12-09 11:53:06 +0000},
	Date-Modified = {2013-12-09 11:53:06 +0000},
	Journal = {Child development},
	Number = {2},
	Pages = {416--430},
	Publisher = {Wiley Online Library},
	Title = {Learning words through overhearing},
	Volume = {72},
	Year = {2001}}

@article{weisleder2013talking,
	Author = {Weisleder, Adriana and Fernald, Anne},
	Date-Added = {2013-12-09 11:33:45 +0000},
	Date-Modified = {2013-12-09 11:33:45 +0000},
	Journal = {Psychological science},
	Number = {11},
	Pages = {2143--2152},
	Publisher = {SAGE Publications},
	Title = {Talking to Children Matters Early Language Experience Strengthens Processing and Builds Vocabulary},
	Volume = {24},
	Year = {2013}}

@article{dawson2004early,
	Author = {Dawson, Geraldine and Toth, Karen and Abbott, Robert and Osterling, Julie and Munson, Jeff and Estes, Annette and Liaw, Jane},
	Date-Added = {2013-12-09 11:30:24 +0000},
	Date-Modified = {2013-12-09 11:30:24 +0000},
	Journal = {Developmental psychology},
	Number = {2},
	Pages = {271},
	Publisher = {American Psychological Association},
	Title = {Early social attention impairments in autism: social orienting, joint attention, and attention to distress.},
	Volume = {40},
	Year = {2004}}

@article{mundy1994joint,
	Author = {Mundy, Peter and Sigman, Marian and Kasari, Connie},
	Date-Added = {2013-12-09 11:30:08 +0000},
	Date-Modified = {2013-12-09 11:30:08 +0000},
	Journal = {Development and Psychopathology},
	Pages = {389--389},
	Publisher = {Cambridge Univ Press},
	Title = {Joint attention, developmental level, and symptom presentation in autism},
	Volume = {6},
	Year = {1994}}

@article{mundy1997joint,
	Author = {Mundy, Peter and Crowson, Mary},
	Date-Added = {2013-12-09 11:29:59 +0000},
	Date-Modified = {2013-12-09 11:29:59 +0000},
	Journal = {Journal of Autism and Developmental disorders},
	Number = {6},
	Pages = {653--676},
	Publisher = {Springer},
	Title = {Joint attention and early social communication: Implications for research on intervention with autism},
	Volume = {27},
	Year = {1997}}

@article{mundy1990longitudinal,
	Author = {Mundy, Peter and Sigman, Marian and Kasari, Connie},
	Date-Added = {2013-12-09 11:29:44 +0000},
	Date-Modified = {2013-12-09 11:29:44 +0000},
	Journal = {Journal of Autism and developmental Disorders},
	Number = {1},
	Pages = {115--128},
	Publisher = {Springer},
	Title = {A longitudinal study of joint attention and language development in autistic children},
	Volume = {20},
	Year = {1990}}

@article{farrar1993event,
	Author = {Farrar, Michael Jeffrey and Friend, Margaret J and Forbes, James N and others},
	Date-Added = {2013-12-09 11:21:05 +0000},
	Date-Modified = {2013-12-09 11:21:05 +0000},
	Journal = {Journal of child language},
	Pages = {591--591},
	Publisher = {Cambridge Univ Press},
	Title = {Event knowledge and early language acquisition},
	Volume = {20},
	Year = {1993}}

@article{farrant2012joint,
	Author = {Farrant, Brad M},
	Date-Added = {2013-12-09 11:19:08 +0000},
	Date-Modified = {2013-12-09 11:19:08 +0000},
	Journal = {Family Matters},
	Number = {91},
	Pages = {39},
	Title = {Joint attention and parent--child book reading},
	Year = {2012}}

@article{farrant2012early,
	Author = {Farrant, Brad M and Zubrick, Stephen R},
	Date-Added = {2013-12-09 11:18:52 +0000},
	Date-Modified = {2013-12-09 11:18:52 +0000},
	Journal = {First Language},
	Number = {3},
	Pages = {343--364},
	Publisher = {SAGE Publications},
	Title = {Early vocabulary development: The importance of joint attention and parent-child book reading},
	Volume = {32},
	Year = {2012}}

@article{yu2012embodied,
	Author = {Yu, Chen and Smith, Linda B},
	Date-Added = {2013-12-09 11:08:44 +0000},
	Date-Modified = {2013-12-09 11:08:44 +0000},
	Journal = {Cognition},
	Publisher = {Elsevier},
	Title = {Embodied attention and word learning by toddlers},
	Year = {2012}}

@article{carpenter1998social,
	Author = {Carpenter, Malinda and Nagell, Katherine and Tomasello, Michael and Butterworth, George and Moore, Chris},
	Date-Added = {2013-12-09 11:05:20 +0000},
	Date-Modified = {2013-12-09 11:05:20 +0000},
	Journal = {Monographs of the society for research in child development},
	Pages = {i--174},
	Publisher = {JSTOR},
	Title = {Social cognition, joint attention, and communicative competence from 9 to 15 months of age},
	Year = {1998}}

@article{tomasello1996eighteen,
	Author = {Tomasello, Michael and Strosberg, Randi and Akhtar, Nameera},
	Date-Added = {2013-12-09 09:36:34 +0000},
	Date-Modified = {2013-12-09 09:36:34 +0000},
	Journal = {Journal of child language},
	Pages = {157--176},
	Publisher = {Cambridge Univ Press},
	Title = {Eighteen-month-old children learn words in non-ostensive contexts},
	Volume = {23},
	Year = {1996}}

@article{tomasello1994learning,
	Author = {Tomasello, Michael and Barton, Michelle E},
	Date-Added = {2013-12-09 09:35:51 +0000},
	Date-Modified = {2013-12-09 09:35:51 +0000},
	Journal = {Developmental psychology},
	Number = {5},
	Pages = {639},
	Publisher = {American Psychological Association},
	Title = {Learning words in nonostensive contexts.},
	Volume = {30},
	Year = {1994}}

@book{bloom2002children,
	Author = {Bloom, Paul},
	Date-Added = {2013-12-09 09:35:24 +0000},
	Date-Modified = {2013-12-09 09:35:24 +0000},
	Publisher = {The MIT Press},
	Title = {How children learn the meaning of words},
	Year = {2002}}

@book{hart1995meaningful,
	Author = {Hart, Betty and Risley, Todd R},
	Date-Added = {2013-12-08 23:41:10 +0000},
	Date-Modified = {2013-12-08 23:41:10 +0000},
	Publisher = {Paul H Brookes Publishing},
	Title = {Meaningful differences in the everyday experience of young American children.},
	Year = {1995}}

@article{qian2002investigating,
	Author = {Qian, David D},
	Date-Added = {2013-12-08 23:36:08 +0000},
	Date-Modified = {2013-12-08 23:36:08 +0000},
	Journal = {Language learning},
	Number = {3},
	Pages = {513--536},
	Publisher = {Wiley Online Library},
	Title = {Investigating the relationship between vocabulary knowledge and academic reading performance: An assessment perspective},
	Volume = {52},
	Year = {2002}}

@article{baldwin2001links,
	Author = {Baldwin, Dare A and Moses, Louis J},
	Date-Added = {2013-12-08 23:32:34 +0000},
	Date-Modified = {2013-12-08 23:32:34 +0000},
	Journal = {Social Development},
	Number = {3},
	Pages = {309--329},
	Publisher = {Wiley Online Library},
	Title = {Links between social understanding and early word learning: Challenges to current accounts},
	Volume = {10},
	Year = {2001}}

@article{parish2007children,
	Author = {Parish-Morris, Julia and Hennon, Elizabeth A and Hirsh-Pasek, Kathy and Golinkoff, Roberta Michnick and Tager-Flusberg, Helen},
	Date-Added = {2013-12-08 23:11:26 +0000},
	Date-Modified = {2013-12-08 23:11:26 +0000},
	Journal = {Child Development},
	Number = {4},
	Pages = {1265--1287},
	Publisher = {Wiley Online Library},
	Title = {Children with autism illuminate the role of social intention in word learning},
	Volume = {78},
	Year = {2007}}

@article{rowe2008child,
	Author = {Rowe, Meredith L},
	Date-Added = {2013-12-08 23:10:52 +0000},
	Date-Modified = {2013-12-08 23:10:52 +0000},
	Journal = {Journal of child language},
	Number = {01},
	Pages = {185--205},
	Publisher = {Cambridge Univ Press},
	Title = {Child-directed speech: relation to socioeconomic status, knowledge of child development and child vocabulary skill},
	Volume = {35},
	Year = {2008}}

@article{hoff2006social,
	Author = {Hoff, Erika},
	Date-Added = {2013-12-08 23:09:39 +0000},
	Date-Modified = {2013-12-08 23:09:39 +0000},
	Journal = {Developmental Review},
	Number = {1},
	Pages = {55--88},
	Publisher = {Elsevier},
	Title = {How social contexts support and shape language development},
	Volume = {26},
	Year = {2006}}

@article{hoff2002children,
	Author = {Hoff, Erika and Naigles, Letitia},
	Date-Added = {2013-12-08 23:08:56 +0000},
	Date-Modified = {2013-12-08 23:08:56 +0000},
	Journal = {Child development},
	Number = {2},
	Pages = {418--433},
	Publisher = {Wiley Online Library},
	Title = {How children use input to acquire a lexicon},
	Volume = {73},
	Year = {2002}}

@article{rowe2012pace,
	Author = {Rowe, Meredith L and Raudenbush, Stephen W and Goldin-Meadow, Susan},
	Date-Added = {2013-12-08 22:43:42 +0000},
	Date-Modified = {2013-12-08 22:43:42 +0000},
	Journal = {Child development},
	Number = {2},
	Pages = {508--525},
	Publisher = {Wiley Online Library},
	Title = {The pace of vocabulary growth helps predict later vocabulary skill},
	Volume = {83},
	Year = {2012}}

@book{snow1998preventing,
	Author = {Snow, Catherine E and Burns, M Susan and Griffin, Peg and others},
	Date-Added = {2013-12-08 22:43:02 +0000},
	Date-Modified = {2013-12-08 22:43:02 +0000},
	Publisher = {National Academies Press},
	Title = {Preventing reading difficulties in young children},
	Year = {1998}}

@article{fernald2012individual,
	Author = {Fernald, Anne and Marchman, Virginia A},
	Date-Added = {2013-12-08 22:39:03 +0000},
	Date-Modified = {2013-12-08 22:39:03 +0000},
	Journal = {Child development},
	Number = {1},
	Pages = {203--222},
	Publisher = {Wiley Online Library},
	Title = {Individual Differences in Lexical Processing at 18 Months Predict Vocabulary Growth in Typically Developing and Late-Talking Toddlers},
	Volume = {83},
	Year = {2012}}

@article{marchman2008speed,
	Author = {Marchman, Virginia A and Fernald, Anne},
	Date-Added = {2013-12-08 22:38:53 +0000},
	Date-Modified = {2013-12-08 22:38:53 +0000},
	Journal = {Developmental science},
	Number = {3},
	Pages = {F9--F16},
	Publisher = {Wiley Online Library},
	Title = {Speed of word recognition and vocabulary knowledge in infancy predict cognitive and language outcomes in later childhood},
	Volume = {11},
	Year = {2008}}

@article{frank2013social,
	Author = {Frank, Michael C and Tenenbaum, Joshua B and Fernald, Anne},
	Date-Added = {2013-12-08 05:46:43 +0000},
	Date-Modified = {2013-12-08 05:46:43 +0000},
	Journal = {Language Learning and Development},
	Number = {1},
	Pages = {1--24},
	Publisher = {Taylor \&amp; Francis},
	Title = {Social and discourse contributions to the determination of reference in cross-situational word learning},
	Volume = {9},
	Year = {2013}}

@article{kanwisher1997locus,
	Author = {Kanwisher, Nancy and Woods, Roger P and Iacoboni, Marco and Mazziotta, John C},
	Date-Added = {2013-12-07 23:17:27 +0000},
	Date-Modified = {2013-12-07 23:17:27 +0000},
	Journal = {Journal of Cognitive Neuroscience},
	Number = {1},
	Pages = {133--142},
	Publisher = {MIT Press},
	Title = {A locus in human extrastriate cortex for visual shape analysis},
	Volume = {9},
	Year = {1997}}

@article{snodgrass1980standardized,
	Author = {Snodgrass, Joan G and Vanderwart, Mary},
	Date-Added = {2013-12-07 23:15:23 +0000},
	Date-Modified = {2013-12-07 23:15:23 +0000},
	Journal = {Journal of experimental psychology: Human learning and memory},
	Number = {2},
	Pages = {174},
	Publisher = {American Psychological Association},
	Title = {A standardized set of 260 pictures: norms for name agreement, image agreement, familiarity, and visual complexity.},
	Volume = {6},
	Year = {1980}}

@inproceedings{johnson2012exploiting,
	Author = {Johnson, Mark and Demuth, Katherine and Frank, Michael C},
	Booktitle = {Proceedings of the 50th Annual Meeting of the Association for Computational Linguistics: Long Papers-Volume 1},
	Date-Added = {2013-12-07 22:55:45 +0000},
	Date-Modified = {2013-12-07 22:55:45 +0000},
	Organization = {Association for Computational Linguistics},
	Pages = {883--891},
	Title = {Exploiting social information in grounded language learning via grammatical reductions},
	Year = {2012}}

@article{crump2013evaluating,
	Author = {Crump, Matthew JC and McDonnell, John V and Gureckis, Todd M},
	Date-Added = {2013-12-07 03:44:27 +0000},
	Date-Modified = {2013-12-07 03:44:27 +0000},
	Journal = {PloS one},
	Number = {3},
	Pages = {e57410},
	Publisher = {Public Library of Science},
	Title = {Evaluating Amazon's Mechanical Turk as a tool for experimental behavioral research},
	Volume = {8},
	Year = {2013}}

@article{vouloumanos2008fine,
	Author = {Vouloumanos, Athena},
	Date-Added = {2013-12-07 03:19:39 +0000},
	Date-Modified = {2013-12-07 03:19:39 +0000},
	Journal = {Cognition},
	Number = {2},
	Pages = {729--742},
	Publisher = {Elsevier},
	Title = {Fine-grained sensitivity to statistical information in adult word learning},
	Volume = {107},
	Year = {2008}}

@article{trueswell2013propose,
	Author = {Trueswell, John C and Medina, Tamara Nicol and Hafri, Alon and Gleitman, Lila},
	Date-Added = {2013-12-07 03:06:42 +0000},
	Date-Modified = {2013-12-07 03:06:42 +0000},
	Journal = {Cognitive psychology},
	Number = {1},
	Pages = {126--156},
	Publisher = {Elsevier},
	Title = {Propose but verify: Fast mapping meets cross-situational word learning},
	Volume = {66},
	Year = {2013}}

@article{yu2007unified,
	Author = {Yu, Chen and Ballard, Dana H},
	Date-Added = {2013-12-07 03:06:04 +0000},
	Date-Modified = {2013-12-07 03:06:04 +0000},
	Journal = {Neurocomputing},
	Number = {13},
	Pages = {2149--2165},
	Publisher = {Elsevier},
	Title = {A unified model of early word learning: Integrating statistical and social cues},
	Volume = {70},
	Year = {2007}}

@article{yu2012modeling,
	Author = {Yu, Chen and Smith, Linda B},
	Date-Added = {2013-12-07 03:05:50 +0000},
	Date-Modified = {2013-12-07 03:05:50 +0000},
	Journal = {Psychological review},
	Number = {1},
	Pages = {21},
	Publisher = {American Psychological Association},
	Title = {Modeling cross-situational word--referent learning: Prior questions.},
	Volume = {119},
	Year = {2012}}

@article{medina2011words,
	Author = {Medina, Tamara Nicol and Snedeker, Jesse and Trueswell, John C and Gleitman, Lila R},
	Date-Added = {2013-12-07 03:01:20 +0000},
	Date-Modified = {2013-12-07 03:01:20 +0000},
	Journal = {Proceedings of the National Academy of Sciences},
	Number = {22},
	Pages = {9014--9019},
	Publisher = {National Acad Sciences},
	Title = {How words can and cannot be learned by observation},
	Volume = {108},
	Year = {2011}}

@article{sabbagh2005understanding,
	Author = {Sabbagh, Mark A and Baldwin, Dare},
	Date-Added = {2013-12-07 00:03:29 +0000},
	Date-Modified = {2013-12-07 00:03:29 +0000},
	Journal = {Joint attention: Communication and other minds: Issues in philosophy and psychology},
	Pages = {165--184},
	Title = {Understanding the role of communicative intentions in word learning},
	Year = {2005}}

@article{akhtar1996role,
	Author = {Akhtar, Nameera and Carpenter, Malinda and Tomasello, Michael},
	Date-Added = {2013-12-07 00:02:57 +0000},
	Date-Modified = {2013-12-07 00:02:57 +0000},
	Journal = {Child Development},
	Number = {2},
	Pages = {635--645},
	Publisher = {Wiley Online Library},
	Title = {The role of discourse novelty in early word learning},
	Volume = {67},
	Year = {1996}}

@article{baldwin1993infants,
	Author = {Baldwin, Dare A},
	Date-Added = {2013-12-07 00:02:31 +0000},
	Date-Modified = {2013-12-07 00:02:31 +0000},
	Journal = {Journal of child language},
	Number = {02},
	Pages = {395--418},
	Publisher = {Cambridge Univ Press},
	Title = {Infants' ability to consult the speaker for clues to word reference},
	Volume = {20},
	Year = {1993}}

@article{hollich2000breaking,
	Author = {Hollich, George J and Hirsh-Pasek, Kathy and Golinkoff, Roberta Michnick and Brand, Rebecca J and Brown, Ellie and Chung, He Len and Hennon, Elizabeth and Rocroi, Camille and Bloom, Lois},
	Date-Added = {2013-12-06 19:00:49 +0000},
	Date-Modified = {2013-12-06 19:00:49 +0000},
	Journal = {Monographs of the society for research in child development},
	Pages = {i--135},
	Publisher = {JSTOR},
	Title = {Breaking the language barrier: An emergentist coalition model for the origins of word learning},
	Year = {2000}}

@book{tomasello2009constructing,
	Author = {Tomasello, Michael and Tomasello, Michael},
	Date-Added = {2013-12-06 19:00:03 +0000},
	Date-Modified = {2013-12-06 19:00:03 +0000},
	Publisher = {Harvard University Press},
	Title = {Constructing a language: A usage-based theory of language acquisition},
	Year = {2009}}

@article{brooks2008infant,
	Author = {Brooks, Rechele and Meltzoff, Andrew N},
	Date-Added = {2013-12-06 09:16:37 +0000},
	Date-Modified = {2013-12-06 09:16:37 +0000},
	Journal = {Journal of Child Language},
	Number = {01},
	Pages = {207--220},
	Publisher = {Cambridge Univ Press},
	Title = {Infant gaze following and pointing predict accelerated vocabulary growth through two years of age: A longitudinal, growth curve modeling study},
	Volume = {35},
	Year = {2008}}

@article{behne2005one,
	Author = {Behne, Tanya and Carpenter, Malinda and Tomasello, Michael},
	Date-Added = {2013-12-02 12:54:25 +0000},
	Date-Modified = {2013-12-02 12:54:25 +0000},
	Journal = {Developmental science},
	Number = {6},
	Pages = {492--499},
	Publisher = {Wiley Online Library},
	Title = {One-year-olds comprehend the communicative intentions behind gestures in a hiding game},
	Volume = {8},
	Year = {2005}}

@article{dominey2004indeterminacy,
	Author = {Dominey, Peter F and Dodane, Christelle},
	Date-Added = {2013-12-02 12:54:11 +0000},
	Date-Modified = {2013-12-02 12:54:11 +0000},
	Journal = {Journal of Neurolinguistics},
	Number = {2},
	Pages = {121--145},
	Publisher = {Elsevier},
	Title = {Indeterminacy in language acquisition: the role of child directed speech and joint attention},
	Volume = {17},
	Year = {2004}}

@article{carpenter1998fourteen,
	Author = {Carpenter, Malinda and Akhtar, Nameera and Tomasello, Michael},
	Date-Added = {2013-12-02 12:52:36 +0000},
	Date-Modified = {2013-12-02 12:52:36 +0000},
	Journal = {Infant Behavior and Development},
	Number = {2},
	Pages = {315--330},
	Publisher = {Elsevier},
	Title = {Fourteen-through 18-month-old infants differentially imitate intentional and accidental actions},
	Volume = {21},
	Year = {1998}}

@article{charman2003joint,
	Author = {Charman, Tony},
	Date-Added = {2013-12-02 12:52:08 +0000},
	Date-Modified = {2013-12-02 12:52:08 +0000},
	Journal = {Philosophical Transactions of the Royal Society of London. Series B: Biological Sciences},
	Number = {1430},
	Pages = {315--324},
	Publisher = {The Royal Society},
	Title = {Why is joint attention a pivotal skill in autism?},
	Volume = {358},
	Year = {2003}}

@article{tomasello2007shared,
	Author = {Tomasello, Michael and Carpenter, Malinda},
	Date-Added = {2013-12-02 12:51:13 +0000},
	Date-Modified = {2013-12-02 12:51:13 +0000},
	Journal = {Developmental science},
	Number = {1},
	Pages = {121--125},
	Publisher = {Wiley Online Library},
	Title = {Shared intentionality},
	Volume = {10},
	Year = {2007}}

@article{morales2000responding,
	Author = {Morales, Michael and Mundy, Peter and Delgado, Christine EF and Yale, Marygrace and Messinger, Daniel and Neal, Rebecca and Schwartz, Heidi K},
	Date-Added = {2013-12-02 12:50:28 +0000},
	Date-Modified = {2013-12-02 12:50:28 +0000},
	Journal = {Journal of Applied Developmental Psychology},
	Number = {3},
	Pages = {283--298},
	Publisher = {Elsevier},
	Title = {Responding to joint attention across the 6-through 24-month age period and early language acquisition},
	Volume = {21},
	Year = {2000}}

@book{tomasello2008origins,
	Author = {Tomasello, Michael},
	Date-Added = {2013-12-02 12:50:14 +0000},
	Date-Modified = {2013-12-02 12:50:14 +0000},
	Publisher = {MIT press Cambridge},
	Title = {Origins of human communication},
	Year = {2008}}

@article{barton1991joint,
	Author = {Barton, Michelle E and Tomasello, Michael},
	Date-Added = {2013-12-02 12:50:01 +0000},
	Date-Modified = {2013-12-02 12:50:01 +0000},
	Journal = {Child Development},
	Number = {3},
	Pages = {517--529},
	Publisher = {Wiley Online Library},
	Title = {Joint attention and conversation in mother-infant-sibling triads},
	Volume = {62},
	Year = {1991}}

@article{carpenter1995joint,
	Author = {Carpenter, Malinda and Tomasello, Michael},
	Date-Added = {2013-12-02 12:49:20 +0000},
	Date-Modified = {2013-12-02 12:49:20 +0000},
	Journal = {Social Development},
	Number = {3},
	Pages = {217--237},
	Publisher = {Wiley Online Library},
	Title = {Joint Attention and Imitative Learning in Children, Chimpanzees, and Enculturated Chimpanzees*},
	Volume = {4},
	Year = {1995}}

@article{mundy1998individual,
	Author = {Mundy, Peter and Gomes, Antoinette},
	Date-Added = {2013-12-02 12:48:54 +0000},
	Date-Modified = {2013-12-02 12:48:54 +0000},
	Journal = {Infant behavior and development},
	Number = {3},
	Pages = {469--482},
	Publisher = {Elsevier},
	Title = {Individual differences in joint attention skill development in the second year},
	Volume = {21},
	Year = {1998}}

@article{tomasello1983joint,
	Author = {Tomasello, Michael and Todd, Jody},
	Date-Added = {2013-12-02 12:48:30 +0000},
	Date-Modified = {2013-12-02 12:48:30 +0000},
	Journal = {First language},
	Number = {12},
	Pages = {197--211},
	Publisher = {Sage Publications},
	Title = {Joint attention and lexical acquisition style},
	Volume = {4},
	Year = {1983}}

@article{tomasello1986joint,
	Author = {Tomasello, Michael and Farrar, Michael Jeffrey},
	Date-Added = {2013-12-02 12:48:20 +0000},
	Date-Modified = {2013-12-02 12:48:20 +0000},
	Journal = {Child development},
	Pages = {1454--1463},
	Publisher = {JSTOR},
	Title = {Joint attention and early language},
	Year = {1986}}
	

@inproceedings{yurovsky2010active,
	Author = {Yurovsky, Daniel and Fricker, Damian and Yu, Chen and Smith, Linda B},
	Booktitle = {Proceedings of the 32nd Annual Conference of the Cognitive Science Society},
	Date-Added = {2013-12-02 12:44:37 +0000},
	Date-Modified = {2013-12-02 12:44:37 +0000},
	Pages = {2609--2614},
	Title = {The active role of partial knowledge in cross-situational word learning},
	Year = {2010}}

@inproceedings{yurovsky2008mutual,
	Author = {Yurovsky, Daniel and Yu, Chen},
	Booktitle = {Proceedings of the 30th annual conference of the Cognitive Science Society},
	Date-Added = {2013-12-02 12:44:24 +0000},
	Date-Modified = {2013-12-02 12:44:24 +0000},
	Organization = {Citeseer},
	Pages = {715--720},
	Title = {Mutual exclusivity in crosssituational statistical learning},
	Year = {2008}}

@article{blythe2010learning,
	Author = {Blythe, Richard A and Smith, Kenny and Smith, Andrew DM},
	Date-Added = {2013-12-02 12:42:38 +0000},
	Date-Modified = {2013-12-02 12:42:38 +0000},
	Journal = {Cognitive Science},
	Number = {4},
	Pages = {620--642},
	Publisher = {Wiley Online Library},
	Title = {Learning Times for Large Lexicons Through Cross-Situational Learning},
	Volume = {34},
	Year = {2010}}

@article{frank2009using,
	Author = {Frank, Michael C and Goodman, Noah D and Tenenbaum, Joshua B},
	Date-Added = {2013-12-02 12:42:28 +0000},
	Date-Modified = {2013-12-02 12:42:28 +0000},
	Journal = {Psychological Science},
	Number = {5},
	Pages = {578--585},
	Publisher = {SAGE Publications},
	Title = {Using speakers' referential intentions to model early cross-situational word learning},
	Volume = {20},
	Year = {2009}}

@article{smith2011cross,
	Author = {Smith, Kenny and Smith, Andrew DM and Blythe, Richard A},
	Date-Added = {2013-12-02 12:42:19 +0000},
	Date-Modified = {2013-12-02 12:42:19 +0000},
	Journal = {Cognitive Science},
	Number = {3},
	Pages = {480--498},
	Publisher = {Wiley Online Library},
	Title = {Cross-Situational Learning: An Experimental Study of Word-Learning Mechanisms},
	Volume = {35},
	Year = {2011}}

@incollection{smith2006cross,
	Author = {Smith, Kenny and Smith, Andrew DM and Blythe, Richard A and Vogt, Paul},
	Booktitle = {Symbol grounding and beyond},
	Date-Added = {2013-12-02 12:42:09 +0000},
	Date-Modified = {2013-12-02 12:42:09 +0000},
	Pages = {31--44},
	Publisher = {Springer},
	Title = {Cross-situational learning: a mathematical approach},
	Year = {2006}}

@article{smith2008infants,
	Author = {Smith, Linda B and Yu, Chen},
	Date-Added = {2013-12-02 12:41:51 +0000},
	Date-Modified = {2013-12-02 12:41:51 +0000},
	Journal = {Cognition},
	Number = {3},
	Pages = {1558--1568},
	Publisher = {Elsevier},
	Title = {Infants rapidly learn word-referent mappings via cross-situational statistics},
	Volume = {106},
	Year = {2008}}

@article{yu2007rapid,
	Author = {Yu, Chen and Smith, Linda B},
	Date-Added = {2013-12-02 12:41:40 +0000},
	Date-Modified = {2013-12-02 12:41:40 +0000},
	Journal = {Psychological Science},
	Number = {5},
	Pages = {414--420},
	Publisher = {SAGE Publications},
	Title = {Rapid word learning under uncertainty via cross-situational statistics},
	Volume = {18},
	Year = {2007}}

@article{samuelson1998memory,
	Author = {Samuelson, Larissa K and Smith, Linda B},
	Date-Added = {2013-12-02 12:40:48 +0000},
	Date-Modified = {2013-12-02 12:40:48 +0000},
	Journal = {Child Development},
	Number = {1},
	Pages = {94--104},
	Publisher = {Wiley Online Library},
	Title = {Memory and attention make smart word learning: An alternative account of Akhtar, Carpenter, and Tomasello},
	Volume = {69},
	Year = {1998}}

@article{tomasello1992joint,
	Author = {Tomasello, Michael and Kruger, Ann Cale and others},
	Date-Added = {2013-12-02 12:40:17 +0000},
	Date-Modified = {2013-12-02 12:40:17 +0000},
	Journal = {Journal of Child Language},
	Number = {2},
	Pages = {311--333},
	Publisher = {Cambridge Univ Press},
	Title = {Joint attention on actions: Acquiring verbs in ostensive and non-ostensive contexts},
	Volume = {19},
	Year = {1992}}

@article{akhtar2007joint,
	Author = {Akhtar, Nameera and Gernsbacher, Morton Ann},
	Date-Added = {2013-12-02 12:39:57 +0000},
	Date-Modified = {2013-12-02 12:39:57 +0000},
	Journal = {Language and Linguistics Compass},
	Number = {3},
	Pages = {195--207},
	Publisher = {Wiley Online Library},
	Title = {Joint attention and vocabulary development: a critical look},
	Volume = {1},
	Year = {2007}}

@article{baron1997children,
	Author = {Baron-Cohen, Simon and Baldwin, Dare A and Crowson, Mary},
	Date-Added = {2013-12-02 12:38:53 +0000},
	Date-Modified = {2013-12-02 12:38:53 +0000},
	Journal = {Child development},
	Number = {1},
	Pages = {48--57},
	Publisher = {Wiley Online Library},
	Title = {Do children with autism use the speaker's direction of gaze strategy to crack the code of language?},
	Volume = {68},
	Year = {1997}}

@article{baldwin1995understanding,
	Author = {Baldwin, Dare A},
	Date-Added = {2013-12-02 12:38:18 +0000},
	Date-Modified = {2013-12-02 12:38:18 +0000},
	Publisher = {Lawrence Erlbaum Associates, Inc},
	Title = {Understanding the link between joint attention and language.},
	Year = {1995}}

@article{bates2013lme4,
  title={lme4: Linear mixed-effects models using Eigen and S4},
  author={Bates, Douglas and Maechler, Martin and Bolker, Ben and Walker, Steven},
  journal={R package version},
  volume={1},
  number={4},
  year={2013}
}

@article{yurovsky2013statistical,
  title={Statistical word learning at scale: the baby's view is better},
  author={Yurovsky, Daniel and Smith, Linda B and Yu, Chen},
  journal={Developmental science},
  volume={16},
  number={6},
  pages={959--966},
  year={2013},
  publisher={Wiley Online Library}
}

@article{wu2011infants,
  title={Infants learn about objects from statistics and people.},
  author={Wu, Rachel and Gopnik, Alison and Richardson, Daniel C and Kirkham, Natasha Z},
  journal={Developmental psychology},
  volume={47},
  number={5},
  pages={1220},
  year={2011},
  publisher={American Psychological Association}
}

@article{smith2011not,
  title={Not your mother’s view: The dynamics of toddler visual experience},
  author={Smith, Linda B and Yu, Chen and Pereira, Alfredo F},
  journal={Developmental science},
  volume={14},
  number={1},
  pages={9--17},
  year={2011},
  publisher={Wiley Online Library}
}

@article{siskind1996computational,
  title={A computational study of cross-situational techniques for learning word-to-meaning mappings},
  author={Siskind, Jeffrey Mark},
  journal={Cognition},
  volume={61},
  number={1},
  pages={39--91},
  year={1996},
  publisher={Elsevier}
}

@article{cartmill2013quality,
  title={Quality of early parent input predicts child vocabulary 3 years later},
  author={Cartmill, Erica A and Armstrong, Benjamin F and Gleitman, Lila R and Goldin-Meadow, Susan and Medina, Tamara N and Trueswell, John C},
  journal={Proceedings of the National Academy of Sciences},
  volume={110},
  number={28},
  pages={11278--11283},
  year={2013},
  publisher={National Acad Sciences}
}

@misc{marr1982vision,
  title={Vision: A computational approach},
  author={Marr, David},
  year={1982},
  publisher={Freeman \& Co., San Francisco}
}

@article{smith2013visual,
  title={Visual attention is not enough: Individual differences in statistical word-referent learning in infants},
  author={Smith, Linda B and Yu, Chen},
  journal={Language Learning and Development},
  volume={9},
  number={1},
  pages={25--49},
  year={2013},
  publisher={Taylor \& Francis}
}

@article{vlach2013memory,
  title={Memory constraints on infants’ cross-situational statistical learning},
  author={Vlach, Haley A and Johnson, Scott P},
  journal={Cognition},
  volume={127},
  number={3},
  pages={375--382},
  year={2013},
  publisher={Elsevier}
}

@article{colombo2001development,
  title={The development of visual attention in infancy},
  author={Colombo, John},
  journal={Annual review of psychology},
  volume={52},
  number={1},
  pages={337--367},
  year={2001},
  publisher={Annual Reviews 4139 El Camino Way, PO Box 10139, Palo Alto, CA 94303-0139, USA}
}

@article{ross2003development,
  title={The development of visual short-term memory capacity in infants},
  author={Ross-sheehy, Shannon and Oakes, Lisa M and Luck, Steven J},
  journal={Child development},
  volume={74},
  number={6},
  pages={1807--1822},
  year={2003},
  publisher={Wiley Online Library}
}

@book{oakes2011infant,
  title={Infant perception and cognition: Recent advances, emerging theories, and future directions},
  author={Oakes, Lisa M},
  year={2011},
  publisher={Oxford University Press, USA}
}

@article{rohde2014markers,
  title={Markers of Topical Discourse in Child-Directed Speech},
  author={Rohde, Hannah and Frank, Michael C},
  journal={Cognitive science},
  volume={38},
  number={8},
  pages={1634--1661},
  year={2014},
  publisher={Wiley Online Library}
}

@article{brooks2005development,
  title={The development of gaze following and its relation to language},
  author={Brooks, Rechele and Meltzoff, Andrew N},
  journal={Developmental science},
  volume={8},
  number={6},
  pages={535--543},
  year={2005},
  publisher={Wiley Online Library}
}

@article{koehne2014interplay,
  title={The Interplay of Cross-Situational Word Learning and Sentence-Level Constraints},
  author={Koehne, Judith and Crocker, Matthew W},
  journal={Cognitive science},
  year={2014},
  publisher={Wiley Online Library}
}

@article{friesen2004attentional,
  title={Attentional effects of counterpredictive gaze and arrow cues.},
  author={Friesen, Chris Kelland and Ristic, Jelena and Kingstone, Alan},
  journal={Journal of Experimental Psychology: Human Perception and Performance},
  volume={30},
  number={2},
  pages={319},
  year={2004},
  publisher={American Psychological Association}
}

@article{woodard2016two,
  title={Two-and three-year-olds track a single meaning during word learning: Evidence for Propose-but-verify},
  author={Woodard, Kristina and Gleitman, Lila R and Trueswell, John C},
  journal={Language Learning and Development},
  volume={12},
  number={3},
  pages={252--261},
  year={2016},
  publisher={Taylor \& Francis}
}

@article{trueswell2016perceiving,
  title={Perceiving referential intent: Dynamics of reference in natural parent--child interactions},
  author={Trueswell, John C and Lin, Yi and Armstrong, Benjamin and Cartmill, Erica A and Goldin-Meadow, Susan and Gleitman, Lila R},
  journal={Cognition},
  volume={148},
  pages={117--135},
  year={2016},
  publisher={Elsevier}
}

@article{houston2006use,
  title={The use of social and salience cues in early word learning},
  author={Houston-Price, Carmel and Plunkett, Kim and Duffy, Hester},
  journal={Journal of experimental child psychology},
  volume={95},
  number={1},
  pages={27--55},
  year={2006},
  publisher={Elsevier}
}

@article{yoshida2012exclusion,
  title={Exclusion constraints facilitate statistical word learning},
  author={Yoshida, Katherine and Rhemtulla, Mijke and Vouloumanos, Athena},
  journal={Cognitive science},
  volume={36},
  number={5},
  pages={933--947},
  year={2012},
  publisher={Wiley Online Library}
}

@article{gleitman1990structural,
  title={The structural sources of verb meanings},
  author={Gleitman, Lila},
  journal={Language acquisition},
  volume={1},
  number={1},
  pages={3--55},
  year={1990},
  publisher={Taylor \& Francis}
}

@article{lenth2016lsmeans,
    title = {Least-Squares Means: The {R} Package {lsmeans}},
    author = {Russell V. Lenth},
    journal = {Journal of Statistical Software},
    year = {2016},
    volume = {69},
    number = {1},
    pages = {1--33},
    doi = {10.18637/jss.v069.i01},
  }
  
  @article{gillette1999human,
  title={Human simulations of vocabulary learning},
  author={Gillette, Jane and Gleitman, Henry and Gleitman, Lila and Lederer, Anne},
  journal={Cognition},
  volume={73},
  number={2},
  pages={135--176},
  year={1999},
  publisher={Elsevier}
}

@article{barr2013random,
  title={Random effects structure for testing interactions in linear mixed-effects models},
  author={Barr, Dale J},
  journal={Frontiers in psychology},
  volume={4},
  pages={328},
  year={2013},
  publisher={Frontiers}
}

@article{petronio1997wh,
  title={WH-movement and the position of Spec-CP: Evidence from American Sign Language},
  author={Petronio, Karen and Lillo-Martin, Diane},
  journal={Language},
  pages={18--57},
  year={1997},
  publisher={JSTOR}
}

@article{barr2013random,
  title={Random effects structure for confirmatory hypothesis testing: Keep it maximal},
  author={Barr, Dale J and Levy, Roger and Scheepers, Christoph and Tily, Harry J},
  journal={Journal of memory and language},
  volume={68},
  number={3},
  pages={255--278},
  year={2013},
  publisher={Elsevier}
}

@article{vandekerckhove2007fitting,
  title={Fitting the Ratcliff diffusion model to experimental data},
  author={Vandekerckhove, Joachim and Tuerlinckx, Francis},
  journal={Psychonomic bulletin \& review},
  volume={14},
  number={6},
  pages={1011--1026},
  year={2007},
  publisher={Springer}
}

@article{ratcliff2008diffusion,
  title={The diffusion decision model: theory and data for two-choice decision tasks},
  author={Ratcliff, Roger and McKoon, Gail},
  journal={Neural computation},
  volume={20},
  number={4},
  pages={873--922},
  year={2008},
  publisher={MIT Press}
}

@misc{bates2013lme4,
  title={lme4: Linear mixed-effects models using Eigen and S4. R package version 1.0-5},
  author={Bates, Douglas and Maechler, Martin and Bolker, Ben and Walker, Steven},
  year={2013}
}

@article{tanenhaus1995integration,
  title={Integration of visual and linguistic information in spoken language comprehension},
  author={Tanenhaus, Michael K and Spivey-Knowlton, Michael J and Eberhard, Kathleen M and Sedivy, Julie C},
  journal={Science},
  volume={268},
  number={5217},
  pages={1632},
  year={1995},
  publisher={The American Association for the Advancement of Science}
}

@article{allopenna1998tracking,
  title={Tracking the time course of spoken word recognition using eye movements: Evidence for continuous mapping models},
  author={Allopenna, Paul D and Magnuson, James S and Tanenhaus, Michael K},
  journal={Journal of memory and language},
  volume={38},
  number={4},
  pages={419--439},
  year={1998},
  publisher={Elsevier}
}

@article{salverda2011attentional,
  title={Attentional capture of objects referred to by spoken language.},
  author={Salverda, Anne Pier and Altmann, Gerry},
  journal={Journal of Experimental Psychology: Human Perception and Performance},
  volume={37},
  number={4},
  pages={1122},
  year={2011},
  publisher={American Psychological Association}
}

@article{altmann2007real,
  title={The real-time mediation of visual attention by language and world knowledge: Linking anticipatory (and other) eye movements to linguistic processing},
  author={Altmann, Gerry and Kamide, Yuki},
  journal={Journal of Memory and Language},
  volume={57},
  number={4},
  pages={502--518},
  year={2007},
  publisher={Elsevier}
}

@article{huettig2011mechanisms,
  title={Mechanisms and representations of language-mediated visual attention.},
  author={Huettig, F and Mishra, RK and Olivers, CN},
  journal={Frontiers in psychology},
  volume={2},
  number={2},
  pages={394},
  year={2011}
}

@article{salverda2011goal,
  title={A goal-based perspective on eye movements in visual world studies},
  author={Salverda, Anne Pier and Brown, Meredith and Tanenhaus, Michael K},
  journal={Acta psychologica},
  volume={137},
  number={2},
  pages={172--180},
  year={2011},
  publisher={Elsevier}
}

@article{ballard2009modelling,
  title={Modelling the role of task in the control of gaze},
  author={Ballard, Dana and Hayhoe, Mary},
  journal={Visual cognition},
  volume={17},
  number={6-7},
  pages={1185--1204},
  year={2009},
  publisher={Taylor \& Francis}
}

@article{shadlen2013decision,
  title={Decision making as a window on cognition},
  author={Shadlen, Michael N and Kiani, Roozbeh},
  journal={Neuron},
  volume={80},
  number={3},
  pages={791--806},
  year={2013},
  publisher={Elsevier}
}

@article{hayhoe2005eye,
  title={Eye movements in natural behavior},
  author={Hayhoe, Mary and Ballard, Dana},
  journal={Trends in cognitive sciences},
  volume={9},
  number={4},
  pages={188--194},
  year={2005},
  publisher={Elsevier}
}

@article{wiecki2013hddm,
  title={HDDM: hierarchical bayesian estimation of the drift-diffusion model in python},
  author={Wiecki, Thomas V and Sofer, Imri and Frank, Michael J},
  journal={Frontiers in neuroinformatics},
  volume={7},
  pages={14},
  year={2013},
  publisher={Frontiers}
}

@article{ratcliff2015individual,
  title={Individual differences and fitting methods for the two-choice diffusion model of decision making},
  author={Ratcliff, Roger and Childers, Russ},
  journal={Decision},
  volume={2},
  number={4},
  pages={237--279},
  year={2015},
  publisher={Educational Publishing Foundation}
}

@article{macdonald2017realtime,
  title={Real-time lexical comprehension in young children learning American Sign Language},
  author={MacDonald, Kyle and LaMarr, Todd and and Corina, David and Marchman, Virgnia and Fernald, Anne},
  journal={},
  volume={},
  number={},
  pages={},
  year={under review},
  publisher={}
}


@article{xu2007word,
  title={Word learning as Bayesian inference.},
  author={Xu, Fei and Tenenbaum, Joshua B},
  journal={Psychological review},
  volume={114},
  number={2},
  pages={245},
  year={2007},
  publisher={American Psychological Association}
}


@article{frank2014inferring,
  title={Inferring word meanings by assuming that speakers are informative},
  author={Frank, Michael C and Goodman, Noah D},
  journal={Cognitive psychology},
  volume={75},
  pages={80--96},
  year={2014},
  publisher={Elsevier}
}

@article{eaves2016infant,
  title={Infant-directed speech is consistent with teaching.},
  author={Eaves Jr, Baxter S and Feldman, Naomi H and Griffiths, Thomas L and Shafto, Patrick},
  journal={Psychological review},
  volume={123},
  number={6},
  pages={758},
  year={2016},
  publisher={American Psychological Association}
}

@article{fernald1987acoustic,
  title={Acoustic determinants of infant preference for motherese speech},
  author={Fernald, Anne and Kuhl, Patricia},
  journal={Infant behavior and development},
  volume={10},
  number={3},
  pages={279--293},
  year={1987},
  publisher={Elsevier}
}


@article{kuhl2007speech,
  title={Is speech learning ‘gated’by the social brain?},
  author={Kuhl, Patricia K},
  journal={Developmental science},
  volume={10},
  number={1},
  pages={110--120},
  year={2007},
  publisher={Wiley Online Library}
}


@article{yu2016social,
  title={The social origins of sustained attention in one-year-old human infants},
  author={Yu, Chen and Smith, Linda B},
  journal={Current Biology},
  volume={26},
  number={9},
  pages={1235--1240},
  year={2016},
  publisher={Elsevier}
}

@article{bonawitz2016computational,
  title={Computational models of development, social influences},
  author={Bonawitz, Elizabeth and Shafto, Patrick},
  journal={Current Opinion in Behavioral Sciences},
  volume={7},
  pages={95--100},
  year={2016},
  publisher={Elsevier}
}

@article{schulz2012origins,
  title={The origins of inquiry: Inductive inference and exploration in early childhood},
  author={Schulz, Laura},
  journal={Trends in cognitive sciences},
  volume={16},
  number={7},
  pages={382--389},
  year={2012},
  publisher={Elsevier}
}

@book{gopnik1999scientist,
  title={The scientist in the crib: Minds, brains, and how children learn.},
  author={Gopnik, Alison and Meltzoff, Andrew N and Kuhl, Patricia K},
  year={1999},
  publisher={William Morrow \& Co}
}

@article{boyd2011cultural,
  title={The cultural niche: Why social learning is essential for human adaptation},
  author={Boyd, Robert and Richerson, Peter J and Henrich, Joseph},
  journal={Proceedings of the National Academy of Sciences},
  volume={108},
  number={Supplement 2},
  pages={10918--10925},
  year={2011},
  publisher={National Acad Sciences}
}


@article{kline2015learn,
  title={How to learn about teaching: An evolutionary framework for the study of teaching behavior in humans and other animals},
  author={Kline, Michelle Ann},
  journal={Behavioral and Brain Sciences},
  volume={38},
  year={2015},
  publisher={Cambridge University Press}
}

@article{meltzoff2009foundations,
  title={Foundations for a new science of learning},
  author={Meltzoff, Andrew N and Kuhl, Patricia K and Movellan, Javier and Sejnowski, Terrence J},
  journal={science},
  volume={325},
  number={5938},
  pages={284--288},
  year={2009},
  publisher={American Association for the Advancement of Science}
}

@article{johnson1991newborns,
  title={Newborns' preferential tracking of face-like stimuli and its subsequent decline},
  author={Johnson, Mark H and Dziurawiec, Suzanne and Ellis, Hadyn and Morton, John},
  journal={Cognition},
  volume={40},
  number={1},
  pages={1--19},
  year={1991},
  publisher={Elsevier}
}

@article{cooper1990preference,
  title={Preference for infant-directed speech in the first month after birth},
  author={Cooper, Robin Panneton and Aslin, Richard N},
  journal={Child development},
  volume={61},
  number={5},
  pages={1584--1595},
  year={1990},
  publisher={Wiley Online Library}
}

@article{decasper1987human,
  title={Of human bonding: Newborns prefer their mothers' voices},
  author={DeCasper, Anthony J and Fifer, William P and Oates, J and Sheldon, S},
  journal={Cognitive development in infancy},
  pages={111--118},
  year={1987}
}

@article{vouloumanos2007listening,
  title={Listening to language at birth: Evidence for a bias for speech in neonates},
  author={Vouloumanos, Athena and Werker, Janet F},
  journal={Developmental science},
  volume={10},
  number={2},
  pages={159--164},
  year={2007},
  publisher={Wiley Online Library}
}

@article{pegg1992preference,
  title={Preference for infant-directed over adult-directed speech: Evidence from 7-week-old infants},
  author={Pegg, Judith E and Werker, Janet F and McLeod, Peter J},
  journal={Infant behavior and development},
  volume={15},
  number={3},
  pages={325--345},
  year={1992},
  publisher={Elsevier}
}

@article{thiessen2005infant,
  title={Infant-directed speech facilitates word segmentation},
  author={Thiessen, Erik D and Hill, Emily A and Saffran, Jenny R},
  journal={Infancy},
  volume={7},
  number={1},
  pages={53--71},
  year={2005},
  publisher={Wiley Online Library}
}

@article{farroni2002eye,
  title={Eye contact detection in humans from birth},
  author={Farroni, Teresa and Csibra, Gergely and Simion, Francesca and Johnson, Mark H},
  journal={Proceedings of the National Academy of Sciences},
  volume={99},
  number={14},
  pages={9602--9605},
  year={2002},
  publisher={National Acad Sciences}
}

@article{fernald1987acoustic,
  title={Acoustic determinants of infant preference for motherese speech},
  author={Fernald, Anne and Kuhl, Patricia},
  journal={Infant behavior and development},
  volume={10},
  number={3},
  pages={279--293},
  year={1987},
  publisher={Elsevier}
}

@article{striano2005sensitivity,
  title={Sensitivity to triadic attention in early infancy},
  author={Striano, Tricia and Stahl, Daniel},
  journal={Developmental Science},
  volume={8},
  number={4},
  pages={333--343},
  year={2005},
  publisher={Wiley Online Library}
}

@article{farroni2007direct,
  title={Direct gaze modulates face recognition in young infants},
  author={Farroni, Teresa and Massaccesi, Stefano and Menon, Enrica and Johnson, Mark H},
  journal={Cognition},
  volume={102},
  number={3},
  pages={396--404},
  year={2007},
  publisher={Elsevier}
}

@article{reid2017face,
  title={The Human Fetus Preferentially Engages with Face-like Visual Stimuli},
  author={Reid, Vincent M. and Dunn, Kirsty and Young, Robert J. and Amu, Johnson and Donovan, Tim and Reissland, Nadja},
  journal={Current Biology},
  volume={},
  number={},
  pages={},
  year={2017},
  publisher={Elsevier}

}

@article{reid2005adult,
  title={Adult gaze influences infant attention and object processing: implications for cognitive neuroscience},
  author={Reid, Vincent M and Striano, Tricia},
  journal={European Journal of Neuroscience},
  volume={21},
  number={6},
  pages={1763--1766},
  year={2005},
  publisher={Wiley Online Library}
}

@article{kuhl2003foreign,
  title={Foreign-language experience in infancy: Effects of short-term exposure and social interaction on phonetic learning},
  author={Kuhl, Patricia K and Tsao, Feng-Ming and Liu, Huei-Mei},
  journal={Proceedings of the National Academy of Sciences},
  volume={100},
  number={15},
  pages={9096--9101},
  year={2003},
  publisher={National Acad Sciences}
}

@book{gauvain2001social,
  title={The social context of cognitive development},
  author={Gauvain, Mary},
  year={2001},
  publisher={Guilford Press}
}

@article{vygotsky1987zone,
  title={Zone of proximal development},
  author={Vygotsky, Lev},
  journal={Mind in society: The development of higher psychological processes},
  volume={5291},
  pages={157},
  year={1987}
}

@article{rogoff1993guided,
  title={Guided participation in cultural activity by toddlers and caregivers},
  author={Rogoff, Barbara and Mistry, Jayanthi and G{\"o}nc{\"u}, Artin and Mosier, Christine and Chavajay, Pablo and Heath, Shirley Brice},
  journal={Monographs of the Society for Research in Child development},
  pages={i--179},
  year={1993},
  publisher={JSTOR}
}

@article{fernald1984expanded,
  title={Expanded intonation contours in mothers' speech to newborns.},
  author={Fernald, Anne and Simon, Thomas},
  journal={Developmental psychology},
  volume={20},
  number={1},
  pages={104},
  year={1984},
  publisher={American Psychological Association}
}

@article{adriaans2017prosodic,
  title={Prosodic exaggeration within infant-directed speech: Consequences for vowel learnability},
  author={Adriaans, Frans and Swingley, Daniel},
  journal={The Journal of the Acoustical Society of America},
  volume={141},
  number={5},
  pages={3070--3078},
  year={2017},
  publisher={ASA}
}

@article{de2003investigating,
  title={Investigating the role of infant-directed speech with a computer model},
  author={De Boer, Bart and Kuhl, Patricia K},
  journal={Acoustics Research Letters Online},
  volume={4},
  number={4},
  pages={129--134},
  year={2003},
  publisher={ASA}
}

@article{fernald1991prosody,
  title={Prosody and focus in speech to infants and adults.},
  author={Fernald, Anne and Mazzie, Claudia},
  journal={Developmental psychology},
  volume={27},
  number={2},
  pages={209},
  year={1991},
  publisher={American Psychological Association}
}

@article{singh2009influences,
  title={Influences of infant-directed speech on early word recognition},
  author={Singh, Leher and Nestor, Sarah and Parikh, Chandni and Yull, Ashley},
  journal={Infancy},
  volume={14},
  number={6},
  pages={654--666},
  year={2009},
  publisher={Taylor \& Francis}
}

@article{graf2013infant,
  title={Infant-directed prosody helps infants map sounds to meanings},
  author={Graf Estes, Katharine and Hurley, Karinna},
  journal={Infancy},
  volume={18},
  number={5},
  pages={797--824},
  year={2013},
  publisher={Wiley Online Library}
}

@article{goldstein2008social,
  title={Social feedback to infants' babbling facilitates rapid phonological learning},
  author={Goldstein, Michael H and Schwade, Jennifer A},
  journal={Psychological Science},
  volume={19},
  number={5},
  pages={515--523},
  year={2008},
  publisher={SAGE Publications}
}

@article{yu2013joint,
  title={Joint attention without gaze following: Human infants and their parents coordinate visual attention to objects through eye-hand coordination},
  author={Yu, Chen and Smith, Linda B},
  journal={PloS one},
  volume={8},
  number={11},
  pages={e79659},
  year={2013},
  publisher={Public Library of Science}
}

@article{tomasello1986joint,
  title={Joint attention and early language},
  author={Tomasello, Michael and Farrar, Michael Jeffrey},
  journal={Child development},
  pages={1454--1463},
  year={1986},
  publisher={JSTOR}
}

@article{yu2005role,
  title={The role of embodied intention in early lexical acquisition},
  author={Yu, Chen and Ballard, Dana H and Aslin, Richard N},
  journal={Cognitive science},
  volume={29},
  number={6},
  pages={961--1005},
  year={2005},
  publisher={Wiley Online Library}
}

@article{senju2008gaze,
  title={Gaze following in human infants depends on communicative signals},
  author={Senju, Atsushi and Csibra, Gergely},
  journal={Current Biology},
  volume={18},
  number={9},
  pages={668--671},
  year={2008},
  publisher={Elsevier}
}

@inproceedings{goodman2009cause,
  title={Cause and intent: Social reasoning in causal learning},
  author={Goodman, Noah D and Baker, Chris L and Tenenbaum, Joshua B},
  booktitle={Proceedings of the 31st annual conference of the cognitive science society},
  pages={2759--2764},
  year={2009}
}

@article{shafto2012epistemic,
  title={Epistemic trust: Modeling children’s reasoning about others’ knowledge and intent},
  author={Shafto, Patrick and Eaves, Baxter and Navarro, Daniel J and Perfors, Amy},
  journal={Developmental Science},
  volume={15},
  number={3},
  pages={436--447},
  year={2012},
  publisher={Wiley Online Library}
}

@article{shafto2014rational,
  title={A rational account of pedagogical reasoning: Teaching by, and learning from, examples},
  author={Shafto, Patrick and Goodman, Noah D and Griffiths, Thomas L},
  journal={Cognitive psychology},
  volume={71},
  pages={55--89},
  year={2014},
  publisher={Elsevier}
}

@article{sage2011disentangling,
  title={Disentangling the social and the pedagogical in infants' learning about tool-use},
  author={Sage, Kara D and Baldwin, Dare},
  journal={Social Development},
  volume={20},
  number={4},
  pages={825--844},
  year={2011},
  publisher={Wiley Online Library}
}

@article{bruner1961act,
  title={The act of discovery.},
  author={Bruner, Jerome S},
  journal={Harvard educational review},
  year={1961},
  publisher={Harvard Education Publishing Group}
}

@article{berlyne1960conflict,
  title={Conflict, arousal, and curiosity.},
  author={Berlyne, Daniel E},
  year={1960},
  publisher={McGraw-Hill Book Company}
}

@article{cooperstein2004beyond,
  title={Beyond active learning: a constructivist approach to learning},
  author={Cooperstein, Susan E and Kocevar-Weidinger, Elizabeth},
  journal={Reference Services Review},
  volume={32},
  number={2},
  pages={141--148},
  year={2004},
  publisher={Emerald Group Publishing Limited}
}

@article{markant2016enhanced,
  title={Enhanced memory as a common effect of active learning},
  author={Markant, Douglas B and Ruggeri, Azzurra and Gureckis, Todd M and Xu, Fei},
  journal={Mind, Brain, and Education},
  volume={10},
  number={3},
  pages={142--152},
  year={2016},
  publisher={Wiley Online Library}
}

@article{cimpian2009information,
  title={Information learned from generic language becomes central to children’s biological concepts: Evidence from their open-ended explanations},
  author={Cimpian, Andrei and Markman, Ellen M},
  journal={Cognition},
  volume={113},
  number={1},
  pages={14--25},
  year={2009},
  publisher={Elsevier}
}

@article{gelman2008generic,
  title={Generic language in parent-child conversations},
  author={Gelman, Susan A and Goetz, Peggy J and Sarnecka, Barbara W and Flukes, Jonathan},
  journal={Language Learning and Development},
  volume={4},
  number={1},
  pages={1--31},
  year={2008},
  publisher={Taylor \& Francis}
}

@article{butler2012preschoolers,
  title={Preschoolers use intentional and pedagogical cues to guide inductive inferences and exploration},
  author={Butler, Lucas P and Markman, Ellen M},
  journal={Child development},
  volume={83},
  number={4},
  pages={1416--1428},
  year={2012},
  publisher={Wiley Online Library}
}

@article{gergely2002developmental,
  title={Developmental psychology: Rational imitation in preverbal infants},
  author={Gergely, Gy{\"o}rgy and Bekkering, Harold and Kir{\'a}ly, Ildik{\'o}},
  journal={Nature},
  volume={415},
  number={6873},
  pages={755--755},
  year={2002},
  publisher={Nature Publishing Group}
}

@article{prince2004does,
  title={Does active learning work? A review of the research},
  author={Prince, Michael},
  journal={Journal of engineering education},
  volume={93},
  number={3},
  pages={223--231},
  year={2004},
  publisher={Wiley Online Library}
}

@article{springer1999effects,
  title={Effects of small-group learning on undergraduates in science, mathematics, engineering, and technology: A meta-analysis},
  author={Springer, Leonard and Stanne, Mary Elizabeth and Donovan, Samuel S},
  journal={Review of educational research},
  volume={69},
  number={1},
  pages={21--51},
  year={1999},
  publisher={Sage Publications}
}

@article{chi2004can,
  title={Can tutors monitor students' understanding accurately?},
  author={Chi, Michelene TH and Siler, Stephanie A and Jeong, Heisawn},
  journal={Cognition and instruction},
  volume={22},
  number={3},
  pages={363--387},
  year={2004},
  publisher={Taylor \& Francis}
}

@article{klahr2004equivalence,
  title={The equivalence of learning paths in early science instruction: Effects of direct instruction and discovery learning},
  author={Klahr, David and Nigam, Milena},
  journal={Psychological science},
  volume={15},
  number={10},
  pages={661--667},
  year={2004},
  publisher={SAGE Publications Sage CA: Los Angeles, CA}
}

@article{weisberg2013guided,
  title={Guided play: Where curricular goals meet a playful pedagogy},
  author={Weisberg, Deena Skolnick and Hirsh-Pasek, Kathy and Golinkoff, Roberta Michnick},
  journal={Mind, Brain, and Education},
  volume={7},
  number={2},
  pages={104--112},
  year={2013},
  publisher={Wiley Online Library}
}

@article{pyle2017continuum,
  title={A continuum of play-based learning: The role of the teacher in play-based pedagogy and the fear of hijacking play},
  author={Pyle, Angela and Danniels, Erica},
  journal={Early Education and Development},
  volume={28},
  number={3},
  pages={274--289},
  year={2017},
  publisher={Taylor \& Francis}
}

@article{hirsh2015putting,
  title={Putting education in “educational” apps: lessons from the science of learning},
  author={Hirsh-Pasek, Kathy and Zosh, Jennifer M and Golinkoff, Roberta Michnick and Gray, James H and Robb, Michael B and Kaufman, Jordy},
  journal={Psychological Science in the Public Interest},
  volume={16},
  number={1},
  pages={3--34},
  year={2015},
  publisher={SAGE Publications Sage CA: Los Angeles, CA}
}

@article{chi2009active,
  title={Active-constructive-interactive: A conceptual framework for differentiating learning activities},
  author={Chi, Michelene TH},
  journal={Topics in Cognitive Science},
  volume={1},
  number={1},
  pages={73--105},
  year={2009},
  publisher={Wiley Online Library}
}

@article{ramirez2017active,
  title={Active learning: an empirical study of common baselines},
  author={Ramirez-Loaiza, Maria E and Sharma, Manali and Kumar, Geet and Bilgic, Mustafa},
  journal={Data Mining and Knowledge Discovery},
  volume={31},
  number={2},
  pages={287--313},
  year={2017},
  publisher={Springer}
}

@inproceedings{ruggeri2016active,
  title={Active control of study leads to improved recognition memory in children},
  author={Ruggeri, Azzurra and Markant, Douglas B and Gureckis, Todd M and Xu, Fei},
  booktitle={Proceedings of the 38th annual conference of the Cognitive Science Society},
  year={2016}
}

@article{voss2011spontaneous,
  title={Spontaneous revisitation during visual exploration as a link among strategic behavior, learning, and the hippocampus},
  author={Voss, Joel L and Warren, David E and Gonsalves, Brian D and Federmeier, Kara D and Tranel, Dan and Cohen, Neal J},
  journal={Proceedings of the National Academy of Sciences},
  volume={108},
  number={31},
  pages={E402--E409},
  year={2011},
  publisher={National Acad Sciences}
}

@article{calvert2005control,
  title={Control as an engagement feature for young children’s attention to and learning of computer content},
  author={Calvert, Sandra L and Strong, Bonnie L and Gallagher, Lizann},
  journal={American Behavioral Scientist},
  volume={48},
  number={5},
  pages={578--589},
  year={2005},
  publisher={Sage Publications Sage CA: Thousand Oaks, CA}
}

@article{chouinard2007children,
  title={Children's questions: A mechanism for cognitive development},
  author={Chouinard, Michelle M and Harris, Paul L and Maratsos, Michael P},
  journal={Monographs of the Society for Research in Child Development},
  pages={i--129},
  year={2007},
  publisher={JSTOR}
}

@article{davis1932form,
  title={The form and function of children's questions},
  author={Davis, Edith A},
  journal={Child Development},
  volume={3},
  number={1},
  pages={57--74},
  year={1932},
  publisher={JSTOR}
}

@article{frazier2009preschoolers,
  title={Preschoolers’ search for explanatory information within adult--child conversation},
  author={Frazier, Brandy N and Gelman, Susan A and Wellman, Henry M},
  journal={Child development},
  volume={80},
  number={6},
  pages={1592--1611},
  year={2009},
  publisher={Wiley Online Library}
}

@inproceedings{partridge2015young,
  title={Young children’s self-directed information gathering on touchscreens},
  author={Partridge, Eric and McGovern, Matthew G and Yung, Amanda and Kidd, Celeste},
  booktitle={Proceedings of the 37th Annual Conference of the Cognitive Science Society},
  year={2015}
}

@article{yu2017peagogical,
  title={Pedagogical questions in parent-child conversations. },
  author={Yu, Yue and Bonawitz, Elizabeth and Shafto, Patrick},
  journal={Child Development},
  volume={},
  number={},
  pages={},
  year={2017},
  publisher={Wiley Online Library}
}

@article{bova2013investigating,
  title={Investigating children’s Why-questions: A study comparing argumentative and explanatory function},
  author={Bova, Antonio and Arcidiacono, Francesco},
  journal={Discourse Studies},
  volume={15},
  number={6},
  pages={713--734},
  year={2013},
  publisher={Sage Publications Sage UK: London, England}
}

@article{legare2013use,
  title={The use of questions as problem-solving strategies during early childhood},
  author={Legare, Cristine H and Mills, Candice M and Souza, Andr{\'e} L and Plummer, Leigh E and Yasskin, Rebecca},
  journal={Journal of experimental child psychology},
  volume={114},
  number={1},
  pages={63--76},
  year={2013},
  publisher={Elsevier}
}

@article{mills2011determining,
  title={Determining who to question, what to ask, and how much information to ask for: The development of inquiry in young children},
  author={Mills, Candice M and Legare, Cristine H and Grant, Meridith G and Landrum, Asheley R},
  journal={Journal of Experimental Child Psychology},
  volume={110},
  number={4},
  pages={539--560},
  year={2011},
  publisher={Elsevier}
}

@article{mills2010preschoolers,
  title={Preschoolers use questions as a tool to acquire knowledge from different sources},
  author={Mills, Candice M and Legare, Cristine H and Bills, Megan and Mejias, Caroline},
  journal={Journal of Cognition and Development},
  volume={11},
  number={4},
  pages={533--560},
  year={2010},
  publisher={Taylor \& Francis}
}

@article{coenen2017asking,
  title={Asking the right questions about human inquiry},
  author={Coenen, Anna and Nelson, Jonathan D and Gureckis, Todd},
  year={2017},
  publisher={PsyArXiv}
}

@article{emery1998optimal,
  title={Optimal experiment design},
  author={Emery, AF and Nenarokomov, Aleksey V},
  journal={Measurement Science and Technology},
  volume={9},
  number={6},
  pages={864},
  year={1998},
  publisher={IOP Publishing}
}

@article{nelson2005finding,
  title={Finding useful questions: On Bayesian diagnosticity, probability, impact, and information gain},
  author={Nelson, Jonathan D},
  journal={Psychological review},
  volume={112},
  number={4},
  year={2005},
  publisher={AMER PSYCHOLOGICAL ASSOC/EDUCATIONAL PUBLISHING FOUNDATION}
}

@article{nelson2010experience,
  title={Experience matters: Information acquisition optimizes probability gain},
  author={Nelson, Jonathan D and McKenzie, Craig RM and Cottrell, Garrison W and Sejnowski, Terrence J},
  journal={Psychological science},
  volume={21},
  number={7},
  pages={960--969},
  year={2010},
  publisher={Sage Publications Sage CA: Los Angeles, CA}
}

@article{najemnik2005optimal,
  title={Optimal eye movement strategies in visual search},
  author={Najemnik, Jiri and Geisler, Wilson S},
  journal={Nature},
  volume={434},
  number={7031},
  pages={387},
  year={2005},
  publisher={Nature Publishing Group}
}

@article{cook2011science,
  title={Where science starts: Spontaneous experiments in preschoolers’ exploratory play},
  author={Cook, Claire and Goodman, Noah D and Schulz, Laura E},
  journal={Cognition},
  volume={120},
  number={3},
  pages={341--349},
  year={2011},
  publisher={Elsevier}
}

@article{wu2015caregivers,
  title={Caregivers provide more labeling responses to infants' pointing than to infants' object-directed vocalizations},
  author={Wu, Zhen and Gros-Louis, Julie},
  journal={Journal of child language},
  volume={42},
  number={3},
  pages={538--561},
  year={2015},
  publisher={Cambridge University Press}
}

@article{lucca2016communicating,
  title={Communicating to Learn: Infants’ Pointing Gestures Result in Optimal Learning},
  author={Lucca, Kelsey and Wilbourn, Makeba Parramore},
  journal={Child development},
  year={2016},
  publisher={Wiley Online Library}
}

@article{kishimoto2007pointing,
  title={Do pointing gestures by infants provoke comments from adults?},
  author={Kishimoto, Takeshi and Shizawa, Yasuhiro and Yasuda, Jun and Hinobayashi, Toshihiko and Minami, Tetsuhiro},
  journal={Infant Behavior and Development},
  volume={30},
  number={4},
  pages={562--567},
  year={2007},
  publisher={Elsevier}
}

@article{olson2011infants,
  title={Infants' gestures influence mothers' provision of object, action and internal state labels},
  author={Olson, Janet and Masur, Elise Frank},
  journal={Journal of Child Language},
  volume={38},
  number={5},
  pages={1028--1054},
  year={2011},
  publisher={Cambridge University Press}
}

@article{rowe2009early,
  title={Early gesture selectively predicts later language learning},
  author={Rowe, Meredith L and Goldin-Meadow, Susan},
  journal={Developmental science},
  volume={12},
  number={1},
  pages={182--187},
  year={2009},
  publisher={Wiley Online Library}
}

@article{goldin2007young,
  title={Young children use their hands to tell their mothers what to say},
  author={Goldin-Meadow, Susan and Goodrich, Whitney and Sauer, Eve and Iverson, Jana},
  journal={Developmental science},
  volume={10},
  number={6},
  pages={778--785},
  year={2007},
  publisher={Wiley Online Library}
}

@article{begus2012infant,
  title={Infant pointing serves an interrogative function},
  author={Begus, Katarina and Southgate, Victoria},
  journal={Developmental science},
  volume={15},
  number={5},
  pages={611--617},
  year={2012},
  publisher={Wiley Online Library}
}

@article{bonawitz2012children,
  title={Children balance theories and evidence in exploration, explanation, and learning},
  author={Bonawitz, Elizabeth Baraff and van Schijndel, Tessa JP and Friel, Daniel and Schulz, Laura},
  journal={Cognitive psychology},
  volume={64},
  number={4},
  pages={215--234},
  year={2012},
  publisher={Elsevier}
}

@article{schulz2007serious,
  title={Serious fun: preschoolers engage in more exploratory play when evidence is confounded.},
  author={Schulz, Laura E and Bonawitz, Elizabeth Baraff},
  journal={Developmental psychology},
  volume={43},
  number={4},
  pages={1045},
  year={2007},
  publisher={American Psychological Association}
}

@article{stahl2015observing,
  title={Observing the unexpected enhances infants’ learning and exploration},
  author={Stahl, Aimee E and Feigenson, Lisa},
  journal={Science},
  volume={348},
  number={6230},
  pages={91--94},
  year={2015},
  publisher={American Association for the Advancement of Science}
}

@article{mccormack2016children,
  title={Children’s use of interventions to learn causal structure},
  author={McCormack, Teresa and Bramley, Neil and Frosch, Caren and Patrick, Fiona and Lagnado, David},
  journal={Journal of experimental child psychology},
  volume={141},
  pages={1--22},
  year={2016},
  publisher={Elsevier}
}

@article{kidd2014goldilocks,
  title={The Goldilocks effect in infant auditory attention},
  author={Kidd, Celeste and Piantadosi, Steven T and Aslin, Richard N},
  journal={Child development},
  volume={85},
  number={5},
  pages={1795--1804},
  year={2014},
  publisher={Wiley Online Library}
}

@article{kidd2012goldilocks,
  title={The Goldilocks effect: Human infants allocate attention to visual sequences that are neither too simple nor too complex},
  author={Kidd, Celeste and Piantadosi, Steven T and Aslin, Richard N},
  journal={PloS one},
  volume={7},
  number={5},
  pages={e36399},
  year={2012},
  publisher={Public Library of Science}
}

@article{lindley1956measure,
  title={On a measure of the information provided by an experiment},
  author={Lindley, Dennis V},
  journal={The Annals of Mathematical Statistics},
  pages={986--1005},
  year={1956},
  publisher={JSTOR}
}

@article{gerken2011infants,
  title={Infants avoid ‘labouring in vain’by attending more to learnable than unlearnable linguistic patterns},
  author={Gerken, LouAnn and Balcomb, Frances K and Minton, Juliet L},
  journal={Developmental science},
  volume={14},
  number={5},
  pages={972--979},
  year={2011},
  publisher={Wiley Online Library}
}

@article{dweck1988social,
  title={A social-cognitive approach to motivation and personality.},
  author={Dweck, Carol S and Leggett, Ellen L},
  journal={Psychological review},
  volume={95},
  number={2},
  pages={256},
  year={1988},
  publisher={American Psychological Association}
}


@article{elliott1988goals,
  title={Goals: An approach to motivation and achievement.},
  author={Elliott, Elaine S and Dweck, Carol S},
  journal={Journal of personality and social psychology},
  volume={54},
  number={1},
  pages={5},
  year={1988},
  publisher={American Psychological Association}
}

@article{dweck1988social,
  title={A social-cognitive approach to motivation and personality.},
  author={Dweck, Carol S and Leggett, Ellen L},
  journal={Psychological review},
  volume={95},
  number={2},
  pages={256},
  year={1988},
  publisher={American Psychological Association}
}

@article{gunderson2013parent,
  title={Parent praise to 1-to 3-year-olds predicts children's motivational frameworks 5 years later},
  author={Gunderson, Elizabeth A and Gripshover, Sarah J and Romero, Carissa and Dweck, Carol S and Goldin-Meadow, Susan and Levine, Susan C},
  journal={Child development},
  volume={84},
  number={5},
  pages={1526--1541},
  year={2013},
  publisher={Wiley Online Library}
}

@article{cimpian2007subtle,
  title={Subtle linguistic cues affect children's motivation},
  author={Cimpian, Andrei and Arce, Holly-Marie C and Markman, Ellen M and Dweck, Carol S},
  journal={Psychological Science},
  volume={18},
  number={4},
  pages={314--316},
  year={2007},
  publisher={SAGE Publications Sage CA: Los Angeles, CA}
}

@article{bonawitz2014win,
  title={Win-Stay, Lose-Sample: A simple sequential algorithm for approximating Bayesian inference},
  author={Bonawitz, Elizabeth and Denison, Stephanie and Gopnik, Alison and Griffiths, Thomas L},
  journal={Cognitive psychology},
  volume={74},
  pages={35--65},
  year={2014},
  publisher={Elsevier}
}

@article{macdonald2017social,
  title={Social cues modulate the representations underlying cross-situational learning},
  author={MacDonald, Kyle and Yurovsky, Daniel and Frank, Michael C},
  journal={Cognitive Psychology},
  volume={94},
  pages={67--84},
  year={2017},
  publisher={Elsevier}
}

@article{call2005copying,
  title={Copying results and copying actions in the process of social learning: chimpanzees (Pan troglodytes) and human children (Homo sapiens)},
  author={Call, Josep and Carpenter, Malinda and Tomasello, Michael},
  journal={Animal cognition},
  volume={8},
  number={3},
  pages={151--163},
  year={2005},
  publisher={Springer}
}

@article{carpenter1998fourteen,
  title={Fourteen-through 18-month-old infants differentially imitate intentional and accidental actions},
  author={Carpenter, Malinda and Akhtar, Nameera and Tomasello, Michael},
  journal={Infant behavior and development},
  volume={21},
  number={2},
  pages={315--330},
  year={1998},
  publisher={Elsevier}
}

@article{buchsbaum2011children,
  title={Children’s imitation of causal action sequences is influenced by statistical and pedagogical evidence},
  author={Buchsbaum, Daphna and Gopnik, Alison and Griffiths, Thomas L and Shafto, Patrick},
  journal={Cognition},
  volume={120},
  number={3},
  pages={331--340},
  year={2011},
  publisher={Elsevier}
}

@article{carpenter2002understanding,
  title={Understanding “prior intentions” enables two--year--olds to imitatively learn a complex task},
  author={Carpenter, Malinda and Call, Josep and Tomasello, Michael},
  journal={Child development},
  volume={73},
  number={5},
  pages={1431--1441},
  year={2002},
  publisher={Wiley Online Library}
}

@inproceedings{leech2013father,
  title={Father input and child vocabulary development: the Importance of wh questions and clarification requests},
  author={Leech, Kathryn A and Salo, Virginia C and Rowe, Meredith L and Cabrera, Natasha J},
  booktitle={Seminars in speech and language},
  volume={34},
  number={04},
  pages={249--259},
  year={2013},
  organization={Thieme Medical Publishers}
}

@article{rowe2017going,
  title={Going Beyond Input Quantity: Wh-Questions Matter for Toddlers' Language and Cognitive Development},
  author={Rowe, Meredith L and Leech, Kathryn A and Cabrera, Natasha},
  journal={Cognitive science},
  volume={41},
  number={S1},
  pages={162--179},
  year={2017},
  publisher={Wiley Online Library}
}

@article{birbili2009helping,
  title={Helping children and their parents ask better questions: An intervention study},
  author={Birbili, Maria and Karagiorgou, Ioanna},
  journal={Journal of Research in Childhood Education},
  volume={24},
  number={1},
  pages={18--31},
  year={2009},
  publisher={Taylor \& Francis}
}

@inproceedings{rothe2015asking,
  title={Asking useful questions: Active learning with rich queries.},
  author={Rothe, Anselm and Lake, Brenden M and Gureckis, Todd M},
  booktitle={Proceedings of the 36th Annual Conference of the Cognitive Science Society},
  year={2015}
}

@article{mills2012little,
  title={Little pitchers use their big ears: preschoolers solve problems by listening to others ask questions},
  author={Mills, Candice M and Danovitch, Judith H and Grant, Meridith G and Elashi, Fadwa B},
  journal={Child development},
  volume={83},
  number={2},
  pages={568--580},
  year={2012},
  publisher={Wiley Online Library}
}

@article{kuhn2008needs,
  title={What needs to develop in the development of inquiry skills?},
  author={Kuhn, Deanna and Pease, Maria},
  journal={Cognition and Instruction},
  volume={26},
  number={4},
  pages={512--559},
  year={2008},
  publisher={Taylor \& Francis}
}

@article{casillas2014turn,
  title={Turn-taking},
  author={Casillas, Marisa},
  journal={Pragmatic development in first language acquisition},
  pages={53--70},
  year={2014},
  publisher={John Benjamins Amsterdam, the Netherlands}
}

@article{pea1982origins,
  title={Origins of verbal logic: Spontaneous denials by two-and three-year olds},
  author={Pea, Roy D},
  journal={Journal of child language},
  volume={9},
  number={3},
  pages={597--626},
  year={1982},
  publisher={Cambridge University Press}
}

@article{koenig2004trust,
  title={Trust in testimony: Children's use of true and false statements},
  author={Koenig, Melissa A and Cl{\'e}ment, Fabrice and Harris, Paul L},
  journal={Psychological Science},
  volume={15},
  number={10},
  pages={694--698},
  year={2004},
  publisher={SAGE Publications Sage CA: Los Angeles, CA}
}

@article{chow2008see,
  title={To see or not to see: Infants prefer to follow the gaze of a reliable looker},
  author={Chow, Virginia and Poulin-Dubois, Diane and Lewis, Jessica},
  journal={Developmental science},
  volume={11},
  number={5},
  pages={761--770},
  year={2008},
  publisher={Wiley Online Library}
}

@article{macdonald2013my,
  title={My people, right or wrong? Minimal group membership disrupts preschoolers’ selective trust},
  author={MacDonald, Kyle and Schug, Mariah and Chase, Elizabeth and Barth, Hilary},
  journal={Cognitive Development},
  volume={28},
  number={3},
  pages={247--259},
  year={2013},
  publisher={Elsevier}
}

@article{gergely2007pedagogy,
  title={On pedagogy},
  author={Gergely, Gy{\"o}rgy and Egyed, Katalin and Kir{\'a}ly, Ildik{\'o}},
  journal={Developmental science},
  volume={10},
  number={1},
  pages={139--146},
  year={2007},
  publisher={Wiley Online Library}
}

@article{corriveau2009choosing,
  title={Choosing your informant: Weighing familiarity and recent accuracy},
  author={Corriveau, Kathleen and Harris, Paul L},
  journal={Developmental science},
  volume={12},
  number={3},
  pages={426--437},
  year={2009},
  publisher={Wiley Online Library}
}

@article{fitneva2013development,
  title={The development of children's information gathering: To look or to ask?},
  author={Fitneva, Stanka A and Lam, Nietzsche HL and Dunfield, Kristen A},
  journal={Developmental psychology},
  volume={49},
  number={3},
  pages={533},
  year={2013},
  publisher={American Psychological Association}
}

@article{vredenburgh2016young,
  title={Young Children's Help-Seeking as Active Information Gathering},
  author={Vredenburgh, Christopher and Kushnir, Tamar},
  journal={Cognitive science},
  volume={40},
  number={3},
  pages={697--722},
  year={2016},
  publisher={Wiley Online Library}
}

@article{gweon201116,
  title={16-month-olds rationally infer causes of failed actions},
  author={Gweon, Hyowon and Schulz, Laura},
  journal={Science},
  volume={332},
  number={6037},
  pages={1524--1524},
  year={2011},
  publisher={American Association for the Advancement of Science}
}

@article{frank2012predicting,
  title={Predicting pragmatic reasoning in language games},
  author={Frank, Michael C and Goodman, Noah D},
  journal={Science},
  volume={336},
  number={6084},
  pages={998--998},
  year={2012},
  publisher={American Association for the Advancement of Science}
}

@article{rakoczy2010bigger,
  title={Bigger knows better: Young children selectively learn rule games from adults rather than from peers},
  author={Rakoczy, Hannes and Hamann, Katharina and Warneken, Felix and Tomasello, Michael},
  journal={British Journal of Developmental Psychology},
  volume={28},
  number={4},
  pages={785--798},
  year={2010},
  publisher={Wiley Online Library}
}

@article{jara2015children,
  title={Children’s understanding of the costs and rewards underlying rational action},
  author={Jara-Ettinger, Julian and Gweon, Hyowon and Tenenbaum, Joshua B and Schulz, Laura E},
  journal={Cognition},
  volume={140},
  pages={14--23},
  year={2015},
  publisher={Elsevier}
}

@inproceedings{haertel2008return,
  title={Return on investment for active learning},
  author={Haertel, Robbie A and Seppi, Kevin D and Ringger, Eric K and Carroll, James L},
  booktitle={Proceedings of the NIPS Workshop on Cost-Sensitive Learning},
  volume={72},
  year={2008}
}

@article{deborah2004children,
  title={When children ask,“What is it?” what do they want to know about artifacts?},
  author={Deborah, G Kemler Nelson and Louisa Chan, Egan and Holt, Morghan B},
  journal={Psychological Science},
  volume={15},
  number={6},
  pages={384--389},
  year={2004},
  publisher={SAGE Publications Sage CA: Los Angeles, CA}
}

@article{butler2012preschoolers,
  title={Preschoolers use intentional and pedagogical cues to guide inductive inferences and exploration},
  author={Butler, Lucas P and Markman, Ellen M},
  journal={Child development},
  volume={83},
  number={4},
  pages={1416--1428},
  year={2012},
  publisher={Wiley Online Library}
}

@article{meder2012information,
  title={Information search with situation-specific reward functions},
  author={Meder, Bj{\"o}rn and Nelson, Jonathan D},
  journal={Judgment and Decision Making},
  volume={7},
  number={2},
  pages={119},
  year={2012},
  publisher={Society for Judgment \& Decision Making}
}

@inproceedings{yoonwon,
  title={“I won’t lie, it wasn’t amazing”: Modeling polite indirect speech},
  author={Yoon, Erica J and Tessler, Michael Henry and Goodman, Noah D and Frank, Michael C},
  booktitle={Proceedings of the 39th Annual Conference of the Cognitive Science Society},
  year={2017}
}

@inproceedings{sim2015toddlers,
  title={Toddlers Learn with Facilitated Play, Not Free Play.},
  author={Sim, Zi Lin and Xu, Fei},
  booktitle={Proceedings of the 37th Annual Conference of the Cognitive Science Society},
  year={2015}
}

@article{goodman2016pragmatic,
  title={Pragmatic language interpretation as probabilistic inference},
  author={Goodman, Noah D and Frank, Michael C},
  journal={Trends in cognitive sciences},
  volume={20},
  number={11},
  pages={818--829},
  year={2016},
  publisher={Elsevier}
}

@article{ouyang2016practical,
  title={Practical optimal experiment design with probabilistic programs},
  author={Ouyang, Long and Tessler, Michael Henry and Ly, Daniel and Goodman, Noah},
  journal={arXiv preprint arXiv:1608.05046},
  year={2016}
}

@article{lucas2014children,
  title={When children are better (or at least more open-minded) learners than adults: Developmental differences in learning the forms of causal relationships},
  author={Lucas, Christopher G and Bridgers, Sophie and Griffiths, Thomas L and Gopnik, Alison},
  journal={Cognition},
  volume={131},
  number={2},
  pages={284--299},
  year={2014},
  publisher={Elsevier}
}

@article{gopnik2017changes,
  title={Changes in cognitive flexibility and hypothesis search across human life history from childhood to adolescence to adulthood},
  author={Gopnik, Alison and O’Grady, Shaun and Lucas, Christopher G and Griffiths, Thomas L and Wente, Adrienne and Bridgers, Sophie and Aboody, Rosie and Fung, Hoki and Dahl, Ronald E},
  journal={Proceedings of the National Academy of Sciences},
  volume={114},
  number={30},
  pages={7892--7899},
  year={2017},
  publisher={National Acad Sciences}
}

@article{gelman2009learning,
  title={Learning from others: Children's construction of concepts},
  author={Gelman, Susan A},
  journal={Annual review of psychology},
  volume={60},
  pages={115--140},
  year={2009},
  publisher={Annual Reviews}
}

@article{vosniadou1992mental,
  title={Mental models of the earth: A study of conceptual change in childhood},
  author={Vosniadou, Stella and Brewer, William F},
  journal={Cognitive psychology},
  volume={24},
  number={4},
  pages={535--585},
  year={1992},
  publisher={Elsevier}
}

@article{opfer2004revisiting,
  title={Revisiting preschoolers’ living things concept: A microgenetic analysis of conceptual change in basic biology},
  author={Opfer, John E and Siegler, Robert S},
  journal={Cognitive psychology},
  volume={49},
  number={4},
  pages={301--332},
  year={2004},
  publisher={Elsevier}
}

@article{mcdonough2003understanding,
  title={Understanding spatial relations: Flexible infants, lexical adults},
  author={McDonough, Laraine and Choi, Soonja and Mandler, Jean M},
  journal={Cognitive psychology},
  volume={46},
  number={3},
  pages={229--259},
  year={2003},
  publisher={Elsevier}
}

@article{peterson2000insights,
  title={Insights into theory of mind from deafness and autism},
  author={Peterson, Candida C and Siegal, Michael},
  journal={Mind \& Language},
  volume={15},
  number={1},
  pages={123--145},
  year={2000},
  publisher={Wiley Online Library}
}

@article{maurer2014perceptual,
  title={Perceptual narrowing during infancy: A comparison of language and faces},
  author={Maurer, Daphne and Werker, Janet F},
  journal={Developmental Psychobiology},
  volume={56},
  number={2},
  pages={154--178},
  year={2014},
  publisher={Wiley Online Library}
}

@article{kontra2012embodied,
  title={Embodied learning across the life span},
  author={Kontra, Carly and Goldin-Meadow, Susan and Beilock, Sian L},
  journal={Topics in cognitive science},
  volume={4},
  number={4},
  pages={731--739},
  year={2012},
  publisher={Wiley Online Library}
}

@article{needham2002pick,
  title={A pick-me-up for infants’ exploratory skills: Early simulated experiences reaching for objects using ‘sticky mittens’ enhances young infants’ object exploration skills},
  author={Needham, Amy and Barrett, Tracy and Peterman, Karen},
  journal={Infant behavior and development},
  volume={25},
  number={3},
  pages={279--295},
  year={2002},
  publisher={Elsevier}
}

@article{cottrell1968social,
  title={Social facilitation of dominant responses by the presence of an audience and the mere presence of others.},
  author={Cottrell, Nickolas B and Wack, Dennis L and Sekerak, Gary J and Rittle, Robert H},
  journal={Journal of personality and social psychology},
  volume={9},
  number={3},
  pages={245},
  year={1968},
  publisher={American Psychological Association}
}

@article{uziel2007individual,
  title={Individual differences in the social facilitation effect: A review and meta-analysis},
  author={Uziel, Liad},
  journal={Journal of Research in Personality},
  volume={41},
  number={3},
  pages={579--601},
  year={2007},
  publisher={Elsevier}
}

@article{sobel2006importance,
  title={The importance of decision making in causal learning from interventions},
  author={Sobel, David M and Kushnir, Tamar},
  journal={Memory \& Cognition},
  volume={34},
  number={2},
  pages={411--419},
  year={2006},
  publisher={Springer}
}

@inproceedings{okita2008mere,
  title={Mere belief in social action improves complex learning},
  author={Okita, Sandra Y and Bailenson, Jeremy and Schwartz, Daniel L},
  booktitle={Proceedings of the 8th international conference on International conference for the learning sciences-Volume 2},
  pages={132--139},
  year={2008},
  organization={International Society of the Learning Sciences}
}

@article{roseberry2014skype,
  title={Skype me! Socially contingent interactions help toddlers learn language},
  author={Roseberry, Sarah and Hirsh-Pasek, Kathy and Golinkoff, Roberta M},
  journal={Child development},
  volume={85},
  number={3},
  pages={956--970},
  year={2014},
  publisher={Wiley Online Library}
}

@book{mackay2003information,
  title={Information theory, inference and learning algorithms},
  author={MacKay, David JC},
  year={2003},
  publisher={Cambridge university press}
}

@inproceedings{macdonald2017info,
  title={An information-seeking account of eye movements during spoken and signed language comprehension},
  author={MacDonald, Kyle and Blonder, Aviva and and Marchman, Virgnia and Fernald, Anne and Frank, Michael C},
  booktitle={Proceedings of the 39th Annual Conference of the Cognitive Science Society},
  year={2017}
}


@article{gweon2014sins,
  title={Sins of omission: Children selectively explore when teachers are under-informative},
  author={Gweon, Hyowon and Pelton, Hannah and Konopka, Jaclyn A and Schulz, Laura E},
  journal={Cognition},
  volume={132},
  number={3},
  pages={335--341},
  year={2014},
  publisher={Elsevier}
}

@article{lockhart2016could,
  title={What could you really learn on your own?: Understanding the epistemic limitations of knowledge acquisition},
  author={Lockhart, Kristi L and Goddu, Mariel K and Smith, Eric D and Keil, Frank C},
  journal={Child development},
  volume={87},
  number={2},
  pages={477--493},
  year={2016},
  publisher={Wiley Online Library}
}

@incollection{lyons2010metacognitive,
  title={Metacognitive development in early childhood: New questions about old assumptions},
  author={Lyons, Kristen E and Ghetti, Simona},
  booktitle={Trends and prospects in metacognition research},
  pages={259--278},
  year={2010},
  publisher={Springer}
}

@article{markman1977realizing,
  title={Realizing that you don't understand: A preliminary investigation},
  author={Markman, Ellen M},
  journal={Child development},
  pages={986--992},
  year={1977},
  publisher={JSTOR}
}

@article{markman1979realizing,
  title={Realizing that you don't understand: Elementary school children's awareness of inconsistencies},
  author={Markman, Ellen M},
  journal={Child development},
  pages={643--655},
  year={1979},
  publisher={JSTOR}
}

@article{kim2016young,
  title={Young children’s sensitivity to their own ignorance in informing others},
  author={Kim, Sunae and Paulus, Markus and Sodian, Beate and Proust, Joelle},
  journal={PloS one},
  volume={11},
  number={3},
  pages={e0152595},
  year={2016},
  publisher={Public Library of Science}
}

@article{schober1989understanding,
  title={Understanding by addressees and overhearers},
  author={Schober, Michael F and Clark, Herbert H},
  journal={Cognitive psychology},
  volume={21},
  number={2},
  pages={211--232},
  year={1989},
  publisher={Elsevier}
}

@article{frank2014inferring,
  title={Inferring word meanings by assuming that speakers are informative},
  author={Frank, Michael C and Goodman, Noah D},
  journal={Cognitive psychology},
  volume={75},
  pages={80--96},
  year={2014},
  publisher={Elsevier}
}

@article{geisler2003ideal,
  title={Ideal observer analysis},
  author={Geisler, Wilson S},
  journal={The visual neurosciences},
  volume={10},
  number={7},
  pages={12--12},
  year={2003}
}

@inproceedings{settles2008active,
  title={Active learning with real annotation costs},
  author={Settles, Burr and Craven, Mark and Friedland, Lewis},
  booktitle={Proceedings of the NIPS workshop on cost-sensitive learning},
  pages={1--10},
  year={2008}
}

@article{jara2016naive,
  title={The na{\"\i}ve utility calculus: computational principles underlying commonsense psychology},
  author={Jara-Ettinger, Julian and Gweon, Hyowon and Schulz, Laura E and Tenenbaum, Joshua B},
  journal={Trends in cognitive sciences},
  volume={20},
  number={8},
  pages={589--604},
  year={2016},
  publisher={Elsevier}
}

@article{macdonald2018speed,
  title={Children seek visual information during signed and spoken language comprehension},
  author={MacDonald, Kyle and Marchman, Virginia and Fernald, Anne and Frank, Michael C},
  journal={preprint PsyArXiv},
  year={2018}
}


@article{burkner2017brms,
  title={brms: An R package for Bayesian multilevel models using Stan},
  author={B{\"u}rkner, Paul-Christian},
  journal={Journal of Statistical Software},
  volume={80},
  number={1},
  pages={1--28},
  year={2017},
  publisher={Foundation for Open Access Statistics}
}

@article{okumura2013power,
  title={The power of human gaze on infant learning},
  author={Okumura, Yuko and Kanakogi, Yasuhiro and Kanda, Takayuki and Ishiguro, Hiroshi and Itakura, Shoji},
  journal={Cognition},
  volume={128},
  number={2},
  pages={127--133},
  year={2013},
  publisher={Elsevier}
}

@article{sekicki2018eye,
  title={Eye’ll Help You Out! How the Gaze Cue Reduces the Cognitive Load Required for Reference Processing},
  author={Sekicki, Mirjana and Staudte, Maria},
  journal={Cognitive science},
  year={2018},
  publisher={Wiley Online Library}
}

@article{frank2013social,
  title={Social and discourse contributions to the determination of reference in cross-situational word learning},
  author={Frank, Michael C and Tenenbaum, Joshua B and Fernald, Anne},
  journal={Language Learning and Development},
  volume={9},
  number={1},
  pages={1--24},
  year={2013},
  publisher={Taylor \& Francis}
}

@inproceedings{yurovsky2013online,
  title={Online processing of speech and social information in early word learning},
  author={Yurovsky, Daniel and Wade, Anna and Frank, Michael},
  booktitle={Proceedings of the Annual Meeting of the Cognitive Science Society},
  volume={35},
  number={35},
  year={2013}
}

@article{johnson2007attribution,
  title={The attribution of attention: 9-month-olds’ interpretation of gaze as goal-directed action},
  author={Johnson, Susan C and Ok, Su-Jeong and Luo, Yuyan},
  journal={Developmental science},
  volume={10},
  number={5},
  pages={530--537},
  year={2007},
  publisher={Wiley Online Library}
}

@article{houston2004distinguishing,
  title={Distinguishing novelty and familiarity effects in infant preference procedures},
  author={Houston-Price, Carmel and Nakai, Satsuki},
  journal={Infant and Child Development: An International Journal of Research and Practice},
  volume={13},
  number={4},
  pages={341--348},
  year={2004},
  publisher={Wiley Online Library}
}

@article{sanchez2018postural,
  title={Postural developments modulate children’s visual access to social information},
  author={Sanchez, Alessandro and Long, Bria and Kraus, Allison M and Frank, Michael C},
  year={2018},
  publisher={PsyArXiv}
}

@article{fernald2010getting,
  title={Getting beyond the “convenience sample” in research on early cognitive development},
  author={Fernald, Anne},
  journal={Behavioral and Brain Sciences},
  volume={33},
  number={2-3},
  pages={91--92},
  year={2010},
  publisher={Cambridge University Press}
}