@article{petronio1997wh,
  title={WH-movement and the position of Spec-CP: Evidence from American Sign Language},
  author={Petronio, Karen and Lillo-Martin, Diane},
  journal={Language},
  pages={18--57},
  year={1997},
  publisher={JSTOR}
}

@article{barr2013random,
  title={Random effects structure for confirmatory hypothesis testing: Keep it maximal},
  author={Barr, Dale J and Levy, Roger and Scheepers, Christoph and Tily, Harry J},
  journal={Journal of memory and language},
  volume={68},
  number={3},
  pages={255--278},
  year={2013},
  publisher={Elsevier}
}

@article{vandekerckhove2007fitting,
  title={Fitting the Ratcliff diffusion model to experimental data},
  author={Vandekerckhove, Joachim and Tuerlinckx, Francis},
  journal={Psychonomic bulletin \& review},
  volume={14},
  number={6},
  pages={1011--1026},
  year={2007},
  publisher={Springer}
}

@article{ratcliff2008diffusion,
  title={The diffusion decision model: theory and data for two-choice decision tasks},
  author={Ratcliff, Roger and McKoon, Gail},
  journal={Neural computation},
  volume={20},
  number={4},
  pages={873--922},
  year={2008},
  publisher={MIT Press}
}

@misc{bates2013lme4,
  title={lme4: Linear mixed-effects models using Eigen and S4. R package version 1.0-5},
  author={Bates, Douglas and Maechler, Martin and Bolker, Ben and Walker, Steven},
  year={2013}
}

@article{tanenhaus1995integration,
  title={Integration of visual and linguistic information in spoken language comprehension},
  author={Tanenhaus, Michael K and Spivey-Knowlton, Michael J and Eberhard, Kathleen M and Sedivy, Julie C},
  journal={Science},
  volume={268},
  number={5217},
  pages={1632},
  year={1995},
  publisher={The American Association for the Advancement of Science}
}

@article{allopenna1998tracking,
  title={Tracking the time course of spoken word recognition using eye movements: Evidence for continuous mapping models},
  author={Allopenna, Paul D and Magnuson, James S and Tanenhaus, Michael K},
  journal={Journal of memory and language},
  volume={38},
  number={4},
  pages={419--439},
  year={1998},
  publisher={Elsevier}
}

@article{salverda2011attentional,
  title={Attentional capture of objects referred to by spoken language.},
  author={Salverda, Anne Pier and Altmann, Gerry},
  journal={Journal of Experimental Psychology: Human Perception and Performance},
  volume={37},
  number={4},
  pages={1122},
  year={2011},
  publisher={American Psychological Association}
}

@article{altmann2007real,
  title={The real-time mediation of visual attention by language and world knowledge: Linking anticipatory (and other) eye movements to linguistic processing},
  author={Altmann, Gerry and Kamide, Yuki},
  journal={Journal of Memory and Language},
  volume={57},
  number={4},
  pages={502--518},
  year={2007},
  publisher={Elsevier}
}

@article{huettig2011mechanisms,
  title={Mechanisms and representations of language-mediated visual attention.},
  author={Huettig, F and Mishra, RK and Olivers, CN},
  journal={Frontiers in psychology},
  volume={2},
  number={2},
  pages={394},
  year={2011}
}

@article{salverda2011goal,
  title={A goal-based perspective on eye movements in visual world studies},
  author={Salverda, Anne Pier and Brown, Meredith and Tanenhaus, Michael K},
  journal={Acta psychologica},
  volume={137},
  number={2},
  pages={172--180},
  year={2011},
  publisher={Elsevier}
}

@article{ballard2009modelling,
  title={Modelling the role of task in the control of gaze},
  author={Ballard, Dana and Hayhoe, Mary},
  journal={Visual cognition},
  volume={17},
  number={6-7},
  pages={1185--1204},
  year={2009},
  publisher={Taylor \& Francis}
}

@article{shadlen2013decision,
  title={Decision making as a window on cognition},
  author={Shadlen, Michael N and Kiani, Roozbeh},
  journal={Neuron},
  volume={80},
  number={3},
  pages={791--806},
  year={2013},
  publisher={Elsevier}
}

@article{hayhoe2005eye,
  title={Eye movements in natural behavior},
  author={Hayhoe, Mary and Ballard, Dana},
  journal={Trends in cognitive sciences},
  volume={9},
  number={4},
  pages={188--194},
  year={2005},
  publisher={Elsevier}
}

@article{wiecki2013hddm,
  title={HDDM: hierarchical bayesian estimation of the drift-diffusion model in python},
  author={Wiecki, Thomas V and Sofer, Imri and Frank, Michael J},
  journal={Frontiers in neuroinformatics},
  volume={7},
  pages={14},
  year={2013},
  publisher={Frontiers}
}

@article{ratcliff2015individual,
  title={Individual differences and fitting methods for the two-choice diffusion model of decision making},
  author={Ratcliff, Roger and Childers, Russ},
  journal={Decision},
  volume={2},
  number={4},
  pages={237--279},
  year={2015},
  publisher={Educational Publishing Foundation}
}

@article{macdonald2018real,
  title={Real-time lexical comprehension in young children learning American Sign Language},
  author={MacDonald, Kyle and LaMarr, Todd and Corina, David and Marchman, Virginia A and Fernald, Anne},
  journal={Developmental science},
  pages={e12672},
  year={2018},
  publisher={Wiley Online Library}
}

@inproceedings{macdonald2017info,
  title={An information-seeking account of eye movements during spoken and signed language comprehension},
  author={MacDonald, Kyle and Blonder, Aviva and and Marchman, Virgnia and Fernald, Anne and Frank, Michael C},
  booktitle={Proceedings of the 39th Annual Conference of the Cognitive Science Society},
  year={2017}
}

@article{macdonald1978visual,
  title={Visual influences on speech perception processes},
  author={MacDonald, John and McGurk, Harry},
  journal={Attention, Perception, \& Psychophysics},
  volume={24},
  number={3},
  pages={253--257},
  year={1978},
  publisher={Springer}
}

@article{mcclelland2006there,
  title={Are there interactive processes in speech perception?},
  author={McClelland, James L and Mirman, Daniel and Holt, Lori L},
  journal={Trends in cognitive sciences},
  volume={10},
  number={8},
  pages={363--369},
  year={2006},
  publisher={Elsevier}
}

@article{marslen1989accessing,
  title={Accessing spoken words: The importance of word onsets.},
  author={Marslen-Wilson, William and Zwitserlood, Pienie},
  journal={Journal of Experimental Psychology: Human perception and performance},
  volume={15},
  number={3},
  pages={576},
  year={1989},
  publisher={American Psychological Association}
}

@article{macdonald2006constraint,
  title={Constraint satisfaction accounts of lexical and sentence comprehension},
  author={MacDonald, Maryellen C and Seidenberg, Mark S},
  journal={Handbook of psycholinguistics},
  volume={2},
  pages={581--611},
  year={2006}
}

@article{smith2017multimodal,
  title={The multimodal nature of spoken word processing in the visual world: Testing the predictions of alternative models of multimodal integration},
  author={Smith, Alastair C and Monaghan, Padraic and Huettig, Falk},
  journal={Journal of Memory and Language},
  volume={93},
  pages={276--303},
  year={2017},
  publisher={Elsevier}
}

@article{erber1969interaction,
  title={Interaction of audition and vision in the recognition of oral speech stimuli},
  author={Erber, Norman P},
  journal={Journal of speech and hearing research},
  volume={12},
  number={2},
  pages={423--425},
  year={1969},
  publisher={ASHA}
}

@article{van2014listening,
  title={Listening effort and accented speech},
  author={Van Engen, Kristin J and Peelle, Jonathan E},
  journal={Frontiers in human neuroscience},
  volume={8},
  year={2014},
  publisher={Frontiers Media SA}
}


@article{brooks2008infant,
	Author = {Brooks, Rechele and Meltzoff, Andrew N},
	Date-Added = {2013-12-06 09:16:37 +0000},
	Date-Modified = {2013-12-06 09:16:37 +0000},
	Journal = {Journal of Child Language},
	Number = {01},
	Pages = {207--220},
	Publisher = {Cambridge Univ Press},
	Title = {Infant gaze following and pointing predict accelerated vocabulary growth through two years of age: A longitudinal, growth curve modeling study},
	Volume = {35},
	Year = {2008}}


@misc{gabry2016rstanarm,
  title={rstanarm: Bayesian applied regression modeling via Stan. R package version 2.10. 0},
  author={Gabry, Jonah and Goodrich, Ben},
  year={2016}
}

@book{clark2009first,
	Author = {Clark, Eve V},
	Date-Added = {2015-01-18 18:52:50 +0000},
	Date-Modified = {2015-01-18 18:52:50 +0000},
	Publisher = {Cambridge University Press},
	Title = {First language acquisition},
	Year = {2009}}
	
@article{mcmurray2017waiting,
  title={Waiting for lexical access: Cochlear implants or severely degraded input lead listeners to process speech less incrementally},
  author={McMurray, Bob and Farris-Trimble, Ashley and Rigler, Hannah},
  journal={Cognition},
  volume={169},
  pages={147--164},
  year={2017},
  publisher={Elsevier}
}

@article{yurovsky2017preschoolers,
  title={Preschoolers flexibly adapt to linguistic input in a noisy channel},
  author={Yurovsky, Daniel and Case, Sarah and Frank, Michael C},
  journal={Psychological science},
  volume={28},
  number={1},
  pages={132--140},
  year={2017},
  publisher={SAGE Publications Sage CA: Los Angeles, CA}
}

@article{byers2017bilingual,
  title={Bilingual infants control their languages as they listen},
  author={Byers-Heinlein, Krista and Morin-Lessard, Elizabeth and Lew-Williams, Casey},
  journal={Proceedings of the National Academy of Sciences},
  volume={114},
  number={34},
  pages={9032--9037},
  year={2017},
  publisher={National Acad Sciences}
}


@article{schwartz2013language,
  title={Language processing in children with cochlear implants: a preliminary report on lexical access for production and comprehension},
  author={Schwartz, Richard G and Steinman, Susan and Ying, Elizabeth and Mystal, Elana Ying and Houston, Derek M},
  journal={Clinical linguistics \& phonetics},
  volume={27},
  number={4},
  pages={264--277},
  year={2013},
  publisher={Taylor \& Francis}
}

@article{spivey2002eye,
  title={Eye movements and spoken language comprehension: Effects of visual context on syntactic ambiguity resolution},
  author={Spivey, Michael J and Tanenhaus, Michael K and Eberhard, Kathleen M and Sedivy, Julie C},
  journal={Cognitive psychology},
  volume={45},
  number={4},
  pages={447--481},
  year={2002},
  publisher={Elsevier}
}

@article{mcclelland1986trace,
  title={The TRACE model of speech perception},
  author={McClelland, James L and Elman, Jeffrey L},
  journal={Cognitive psychology},
  volume={18},
  number={1},
  pages={1--86},
  year={1986},
  publisher={Elsevier}
}

@article{gold2000representation,
  title={Representation of a perceptual decision in developing oculomotor commands},
  author={Gold, Joshua I and Shadlen, Michael N},
  journal={Nature},
  volume={404},
  number={6776},
  pages={390},
  year={2000},
  publisher={Nature Publishing Group}
}

@article{dahan2005looking,
  title={Looking at the rope when looking for the snake: Conceptually mediated eye movements during spoken-word recognition},
  author={Dahan, Delphine and Tanenhaus, Michael K},
  journal={Psychonomic bulletin \& review},
  volume={12},
  number={3},
  pages={453--459},
  year={2005},
  publisher={Springer}
}

@article{huettig2005word,
  title={Word meaning and the control of eye fixation: Semantic competitor effects and the visual world paradigm},
  author={Huettig, Falk and Altmann, Gerry TM},
  journal={Cognition},
  volume={96},
  number={1},
  pages={B23--B32},
  year={2005},
  publisher={Elsevier}
}

@article{yee2006eye,
  title={Eye movements to pictures reveal transient semantic activation during spoken word recognition.},
  author={Yee, Eiling and Sedivy, Julie C},
  journal={Journal of Experimental Psychology: Learning, Memory, and Cognition},
  volume={32},
  number={1},
  pages={1},
  year={2006},
  publisher={American Psychological Association}
}

@article{fernald2008looking,
  title={Looking while listening: Using eye movements to monitor spoken language},
  author={Fernald, Anne and Zangl, Renate and Portillo, Ana L and Marchman, Virginia A},
  journal={Developmental psycholinguistics: On-line methods in children’s language processing},
  volume={44},
  pages={97},
  year={2008},
  publisher={John Benjamins Amsterdam}
}

@article{venker2013individual,
  title={Individual differences in the real-time comprehension of children with ASD},
  author={Venker, Courtney E and Eernisse, Elizabeth R and Saffran, Jenny R and Weismer, Susan Ellis},
  journal={Autism Research},
  volume={6},
  number={5},
  pages={417--432},
  year={2013},
  publisher={Wiley Online Library}
}

@article{rigler2015slow,
  title={The slow developmental time course of real-time spoken word recognition.},
  author={Rigler, Hannah and Farris-Trimble, Ashley and Greiner, Lea and Walker, Jessica and Tomblin, J Bruce and McMurray, Bob},
  journal={Developmental psychology},
  volume={51},
  number={12},
  pages={1690},
  year={2015},
  publisher={US: American Psychological Association}
}

@article{marchman2008speed,
  title={Speed of word recognition and vocabulary knowledge in infancy predict cognitive and language outcomes in later childhood},
  author={Marchman, Virginia A and Fernald, Anne},
  journal={Developmental science},
  volume={11},
  number={3},
  year={2008},
  publisher={Wiley Online Library}
}

@article{fernald2006picking,
  title={Picking up speed in understanding: Speech processing efficiency and vocabulary growth across the 2nd year.},
  author={Fernald, Anne and Perfors, Amy and Marchman, Virginia A},
  journal={Developmental psychology},
  volume={42},
  number={1},
  pages={98},
  year={2006},
  publisher={American Psychological Association}
}

@article{nelson2005finding,
  title={Finding useful questions: on Bayesian diagnosticity, probability, impact, and information gain.},
  author={Nelson, Jonathan D},
  journal={Psychological review},
  volume={112},
  number={4},
  pages={979},
  year={2005},
  publisher={American Psychological Association}
}

@article{nelson2007probabilistic,
  title={A probabilistic model of eye movements in concept formation},
  author={Nelson, Jonathan D and Cottrell, Garrison W},
  journal={Neurocomputing},
  volume={70},
  number={13-15},
  pages={2256--2272},
  year={2007},
  publisher={Elsevier}
}

@article{tanenhaus1995integration,
  title={Integration of visual and linguistic information in spoken language comprehension},
  author={Tanenhaus, Michael K and Spivey-Knowlton, Michael J and Eberhard, Kathleen M and Sedivy, Julie C},
  journal={Science},
  volume={268},
  number={5217},
  pages={1632--1634},
  year={1995},
  publisher={American Association for the Advancement of Science}
}

@article{shinoda2001controls,
  title={What controls attention in natural environments?},
  author={Shinoda, Hiroyuki and Hayhoe, Mary M and Shrivastava, Anurag},
  journal={Vision research},
  volume={41},
  number={25-26},
  pages={3535--3545},
  year={2001},
  publisher={Elsevier}
}

@article{hoppe2016learning,
  title={Learning rational temporal eye movement strategies},
  author={Hoppe, David and Rothkopf, Constantin A},
  journal={Proceedings of the National Academy of Sciences},
  volume={113},
  number={29},
  pages={8332--8337},
  year={2016},
  publisher={National Acad Sciences}
}

@misc{vigliocco2014language,
  title={Language as a multimodal phenomenon: implications for language learning, processing and evolution},
  author={Vigliocco, Gabriella and Perniss, Pamela and Vinson, David},
  year={2014},
  publisher={The Royal Society}
}

@article{kelly2010two,
  title={Two sides of the same coin: Speech and gesture mutually interact to enhance comprehension},
  author={Kelly, Spencer D and {\"O}zy{\"u}rek, Asl{\i} and Maris, Eric},
  journal={Psychological Science},
  volume={21},
  number={2},
  pages={260--267},
  year={2010},
  publisher={Sage Publications Sage CA: Los Angeles, CA}
}

@article{estigarribia2007getting,
  title={Getting and maintaining attention in talk to young children},
  author={Estigarribia, Bruno and Clark, Eve V},
  journal={Journal of child language},
  volume={34},
  number={4},
  pages={799--814},
  year={2007},
  publisher={Cambridge University Press}
}

@article{liszkowski2012prelinguistic,
  title={A prelinguistic gestural universal of human communication},
  author={Liszkowski, Ulf and Brown, Penny and Callaghan, Tara and Takada, Akira and De Vos, Conny},
  journal={Cognitive Science},
  volume={36},
  number={4},
  pages={698--713},
  year={2012},
  publisher={Wiley Online Library}
}

@article{peelle2015prediction,
  title={Prediction and constraint in audiovisual speech perception},
  author={Peelle, Jonathan E and Sommers, Mitchell S},
  journal={Cortex},
  volume={68},
  pages={169--181},
  year={2015},
  publisher={Elsevier}
}

@article{maris2007nonparametric,
  title={Nonparametric statistical testing of EEG-and MEG-data},
  author={Maris, Eric and Oostenveld, Robert},
  journal={Journal of neuroscience methods},
  volume={164},
  number={1},
  pages={177--190},
  year={2007},
  publisher={Elsevier}
}


@article{tomasello1986joint,
	Author = {Tomasello, Michael and Farrar, Michael Jeffrey},
	Date-Added = {2013-12-02 12:48:20 +0000},
	Date-Modified = {2013-12-02 12:48:20 +0000},
	Journal = {Child development},
	Pages = {1454--1463},
	Publisher = {JSTOR},
	Title = {Joint attention and early language},
	Year = {1986}}


@article{bavelier2006deaf,
  title={Do deaf individuals see better?},
  author={Bavelier, Daphne and Dye, Matthew WG and Hauser, Peter C},
  journal={Trends in cognitive sciences},
  volume={10},
  number={11},
  pages={512--518},
  year={2006},
  publisher={Elsevier}
}

@article{heimler2015finding,
  title={Finding the balance between capture and control: Oculomotor selection in early deaf adults},
  author={Heimler, Benedetta and van Zoest, Wieske and Baruffaldi, Francesca and Donk, Mieke and Rinaldi, Pasquale and Caselli, Maria Cristina and Pavani, Francesco},
  journal={Brain and cognition},
  volume={96},
  pages={12--27},
  year={2015},
  publisher={Elsevier}
}

@article{harris1997learning,
  title={Learning to look in the right place: A comparison of attentional behavior in deaf children with deaf and hearing mothers},
  author={Harris, Margaret and Mohay, Heather},
  journal={The Journal of Deaf Studies and Deaf Education},
  volume={2},
  number={2},
  pages={95--103},
  year={1997},
  publisher={Oxford University Press}
}

@article{green2010lip,
  title={Lip movement exaggerations during infant-directed speech},
  author={Green, Jordan R and Nip, Ignatius SB and Wilson, Erin M and Mefferd, Antje S and Yunusova, Yana},
  journal={Journal of Speech, Language, and Hearing Research},
  volume={53},
  number={6},
  pages={1529--1542},
  year={2010},
  publisher={ASHA}
}

@inproceedings{fitzpatrick2011effect,
  title={The effect of seeing the interlocutor on auditory and visual speech production in noise},
  author={Fitzpatrick, Michael and Kim, Jeesun and Davis, Chris},
  booktitle={Auditory-Visual Speech Processing 2011},
  year={2011}
}

@article{munhall2004visual,
  title={Visual prosody and speech intelligibility: Head movement improves auditory speech perception},
  author={Munhall, Kevin G and Jones, Jeffery A and Callan, Daniel E and Kuratate, Takaaki and Vatikiotis-Bateson, Eric},
  journal={Psychological science},
  volume={15},
  number={2},
  pages={133--137},
  year={2004},
  publisher={SAGE Publications Sage CA: Los Angeles, CA}
}

@article{emmorey1998mental,
  title={Mental rotation within linguistic and non-linguistic domains in users of American sign language},
  author={Emmorey, Karen and Klima, Edward and Hickok, Gregory},
  journal={Cognition},
  volume={68},
  number={3},
  pages={221--246},
  year={1998},
  publisher={Elsevier}
}

@article{bettger1997enhanced,
  title={Enhanced facial discrimination: Effects of experience with American Sign Language},
  author={Bettger, Jeffrey G and Emmorey, Karen and McCullough, Stephen H and Bellugi, Ursula},
  journal={Journal of Deaf Studies and Deaf Education},
  pages={223--233},
  year={1997},
  publisher={JSTOR}
}

@article{emmorey1993visual,
  title={Visual imagery and visual-spatial language: Enhanced imagery abilities in deaf and hearing ASL signers},
  author={Emmorey, Karen and Kosslyn, Stephen M and Bellugi, Ursula},
  journal={Cognition},
  volume={46},
  number={2},
  pages={139--181},
  year={1993},
  publisher={Elsevier}
}

@article{triesch2003you,
  title={What you see is what you need},
  author={Triesch, Jochen and Ballard, Dana H and Hayhoe, Mary M and Sullivan, Brian T},
  journal={Journal of vision},
  volume={3},
  number={1},
  pages={9--9},
  year={2003},
  publisher={The Association for Research in Vision and Ophthalmology}
}

@article{gibson2013noisy,
  title={A noisy-channel account of crosslinguistic word-order variation},
  author={Gibson, Edward and Piantadosi, Steven T and Brink, Kimberly and Bergen, Leon and Lim, Eunice and Saxe, Rebecca},
  journal={Psychological science},
  volume={24},
  number={7},
  pages={1079--1088},
  year={2013},
  publisher={Sage Publications Sage CA: Los Angeles, CA}
}

@article{gibson2013rational,
  title={Rational integration of noisy evidence and prior semantic expectations in sentence interpretation},
  author={Gibson, Edward and Bergen, Leon and Piantadosi, Steven T},
  journal={Proceedings of the National Academy of Sciences},
  pages={201216438},
  year={2013},
  publisher={National Acad Sciences}
}

@inproceedings{fourtassiword2018,
  title={Word Identification Under Multidomodal Uncertainty},
  author={Fourtassi, Abdellah and Frank, Michael C},
  booktitle={Proceedings of the 39th Annual Conference of the Cognitive Science Society},
  year={2017}
}

@article{yurovsky2013statistical,
  title={Statistical word learning at scale: The baby's view is better},
  author={Yurovsky, Daniel and Smith, Linda B and Yu, Chen},
  journal={Developmental science},
  volume={16},
  number={6},
  pages={959--966},
  year={2013},
  publisher={Wiley Online Library}
}

@article{franchak2011head,
  title={Head-mounted eye tracking: A new method to describe infant looking},
  author={Franchak, John M and Kretch, Kari S and Soska, Kasey C and Adolph, Karen E},
  journal={Child development},
  volume={82},
  number={6},
  pages={1738--1750},
  year={2011},
  publisher={Wiley Online Library}
}

@article{fausey2016faces,
  title={From faces to hands: Changing visual input in the first two years},
  author={Fausey, Caitlin M and Jayaraman, Swapnaa and Smith, Linda B},
  journal={Cognition},
  volume={152},
  pages={101--107},
  year={2016},
  publisher={Elsevier}
}